2610 4634
543 196 674 292 ..²33
715 228 759 279 .·.

90 403 174 466 hacc
196 399 280 462 enim
299 399 496 461 Graecorum
516 396 657 470 colonia,
679 410 713 458 et
732 384 887 478 imprimis
906 382 1078 478 S'yracasae
1089 390 1108 473 ,J
1119 378 1206 467 filici

88 529 149 570 usa
168 506 297 568 fortuna
319 503 411 585 brevi
431 501 583 565 maiorem
606 500 702 563 animi
722 501 840 563 cultum
853 517 952 569 ,nacta
977 516 1042 579 est,
1072 488 1208 591 ideoque

89 632 157 674 non
176 609 212 670 in
231 608 307 682 hac,
329 607 394 692 sed
413 606 483 669 aliis
500 606 578 668 item
599 604 720 668 artibus
739 619 884 667 caeteros
903 596 998 692 longe
1024 609 1206 690 praecessit.

88 720 136 779 Et
145 712 346 798 adloquendi
354 712 536 774 facultatem
543 708 771 795 Empedoclem
779 710 917 794 primum
930 712 1084 808 quaedam
1098 701 1207 776 celto
1285 702 1289 712 ’

89 822 169 884 lisse
184 840 223 882 ex
235 810 450 897 Aristotele&
469 828 611 878 notatum
625 800 693 896 est3
715 829 750 877 ut
768 814 852 885 enim
871 835 1004 900 graecae
1021 803 1210 900 sophistices

89 925 185 1011 origo
213 944 253 986 ex
270 926 381 986 Ionum
401 918 496 983 dueta
514 912 731 1003 philosophia,
760 917 803 981 ita
828 916 914 981 haud
932 919 999 982 s'eio
1023 909 1064 983 'sin
1084 920 1209 997 Siculae

88 1030 219 1094 initium
239 1049 279 1089 ex
300 1026 450 1089 Italorum
463 1024 589 1109 placitis
613 1037 680 1085 tum
698 1023 760 1085 iam
781 1022 856 1085 satis
872 1023 956 1086 notis
974 1016 1110 1089 exieritt'
1134 1026 1209 1090 inde
1266 1016 1270 1029 ¹

88 1133 164 1197 lieri
175 1131 281 1217 potuit
294 1145 348 1203 ut,
372 1128 459 1215 quod
476 1127 517 1191 de
531 1120 651 1214 Gorgia
666 1141 756 1190 eerto
770 1141 908 1202 constat,
930 1128 1144 1213 Empedocles
1160 1132 1211 1215 yir

90 1358 161 1407 arte
179 1340 319 1403 oratoria
330 1338 432 1401 libros
446 1358 511 1402 non
529 1336 681 1412 ediderit,
705 1338 864 1405 Coracem,
876 1337 1018 1424 aliosque
1032 1338 1212 1403 rhetorices

90 1443 276 1533 praeceptis
303 1443 471 1506 imbueret.
522 1440 758 1517 Democratiam
778 1441 958 1507 restitutam
983 1443 1083 1506 maior
1105 1458 1137 1505 et
1163 1443 1210 1504 di-

92 1550 190 1615 cendi
207 1563 240 1610 et
261 1546 375 1633 agendi
390 1561 498 1610 secuta
511 1561 560 1609 est
571 1547 703 1609 libertas
714 1545 870 1631 simulque
888 1567 973 1611 novo
987 1548 1148 1612 civitatem
1161 1568 1212 1609 re-

89 1654 190 1743 gendi
202 1673 292 1715 more
306 1642 453 1726 inducto,
476 1674 538 1737 qua
549 1650 763 1739 eloquentiam
776 1649 908 1713 multum
920 1651 955 1713 in
966 1650 1039 1716 foro
1060 1651 1211 1738 frequen-

84 1758 183 1823 ta'tam
196 1778 311 1841 magna
328 1755 421 1818 laude
435 1755 562 1842 dignam
577 1755 808 1829 existimarent,
831 1755 987 1818 rationem
1008 1758 1210 1849 praeceptio·
1268 1840 1272 1849 Ι

85 1864 137 1927 nis
154 1861 196 1925 ad
215 1860 474 1923 exercitationem
492 1860 737 1924 accomodarent
756 1873 850 1946 atque
865 1880 990 1923 omnem
1008 1862 1130 1948 ingenii
1146 1865 1211 1929 vim
1298 1942 1301 1949 Δ

87 1984 121 2031 et
136 1965 279 2030 studium
292 1963 332 2027 ad
346 1985 454 2028 causas
466 1963 687 2054 disceptandas
701 1978 943 2042 converterent,
966 1952 1144 2053 opportuna
1160 1990 1212 2031 ex-

90 2073 174 2137 stitit
194 2060 330 2161 occasio.
360 2066 512 2137 'Veteres
531 2069 616 2130 enim
635 2090 783 2154 agrorum
804 2056 1137 2167 possessoresregnin
1155 2073 1213 2163 im-

87 2177 183 2263 perio
204 2175 267 2237 iam
285 2172 451 2257 repudiato
465 2194 518 2235 res
538 2196 609 2236 suas
625 2173 755 2259 quaein
772 2188 977 2257 tyrannorum
996 2192 1152 2243 venerant
1164 2176 1212 2240 di-

87 2284 229 2355 tionem,
269 2292 453 2363 repetentes
482 2276 567 2340 haud
591 2298 723 2360 parvam
742 2278 845 2341 litium
872 2280 997 2363 copiam
1019 2282 1210 2359 inferebant,

91 2387 195 2461 unde,
218 2385 252 2446 ni
265 2403 459 2473 magnopere
473 2380 583 2457 fallor,
608 2382 715 2446 evenit
732 2397 767 2445 ut
782 2384 895 2468 generi
908 2380 1049 2451 iudiciali
1065 2387 1211 2472 inprimis

89 2494 253 2567 faverent,
268 2488 409 2574 artisque
427 2485 629 2562 inventores,
649 2507 743 2573 quem
762 2487 942 2554 Siculorum
956 2512 1078 2553 morem
1093 2480 1210 2575 Graeci

88 2580 218 2687 quoque
243 2592 284 2656 ed
308 2591 457 2655 Isocratis
484 2604 517 2652 et
540 2589 723 2654 Aristotelis
749 2613 850 2678 usque
874 2607 1019 2677 tempora
1042 2596 1211 2661 servabant

88 2705 144 2786 (et
160 2701 260 2763 multo
283 2711 360 2781 post
371 2693 587 2779 Apollodorus
607 2694 712 2759 denuo
728 2696 805 2760 solis
822 2696 1022 2762 iudicialibus
1042 2717 1208 2766 contentus
1224 2776 1227 2783 ⁴

87 2796 196 2888 tuit),'
209 2803 272 2866 hoc
288 2800 478 2865 necessitate
492 2799 626 2861 maxime
638 2797 814 2886 flagitatum
834 2803 936 2865 solum
951 2804 1092 2892 utroque
1103 2822 1136 2870 et
1153 2807 1208 2870 de-

87 2908 258 2975 liberativo
270 2920 304 2969 et
317 2903 566 2967 demonstrativo
576 2905 725 2990 neglecto
738 2906 877 2969 inlibris
890 2910 1103 2994 explanarent.
1126 2916 1208 2975 Tum

86 3014 228 3099 primum
256 3011 409 3072 Coracem
435 3009 664 3092 Syracusanum
690 3009 767 3072 artis
792 2992 965 3096 praecepta
992 3017 1208 3102 composuisse

88 3130 202 3184 auctor
222 3113 426 3199 gravissimus
441 3127 491 3175 est
504 3112 693 3175 Aristoteles
705 3108 752 3195 ³³).
797 3118 833 3178 ln
843 3118 988 3205 prolegg.
1007 3119 1041 3182 in
1054 3124 1210 3209 Hermog.

86 3242 142 3284 res
167 3219 248 3281 haec
267 3218 375 3280 multis
399 3232 562 3298 narratum
597 3217 687 3279 locus
712 3218 840 3304 longior
865 3221 994 3307 quidem
1015 3224 1072 3307 sed
1093 3224 1209 3312 dignus

105 3390 153 3462 ³⁸)
171 3378 296 3463 Diogen.
313 3392 411 3446 Laert·
430 3390 511 3454 vul,
523 3395 556 3449 tt
574 3387 604 3443 'A
609 3386 757 3462 pectori
762 3393 820 3461 1ης
836 3394 920 3450 oter
934 3399 973 3467 τῷ
990 3400 1124 3474 Σοφιστῇ
1138 3405 1210 3470 φησι

160 3481 272 3549 πρῶτον
292 3476 532 3552 Ἐμπεδοκλέᾳ
549 3475 694 3552 peropimis
708 3478 819 3551 stipata,
839 3479 950 3547 Ζήνωνα
963 3485 1002 3542 ‘rt
1020 3487 1207 3558 certamem

61 3564 64 3572 '
160 3565 269 3621 rectius
284 3565 362 3637 apud
377 3567 456 3639 Sext·
472 3564 582 3638 Empir.
596 3583 661 3639 pag.
679 3574 739 3626 ³70.
753 3567 942 3639 Ἐμπεδοκλέα
954 3577 1009 3647 μὲν
1021 3575 1076 3648 γᾴρ
1091 3589 1178 3648 φησιν
1193 3576 1209 3632 o‘

76 3650 99 3670 '‘
160 3650 925 3727 Ἀριστοτέληςπρῶτονρητορικῆνκεκινηκέναι
944 3672 973 3716 et
989 3662 1067 3735 apud
1084 3663 1207 3745 Quintil.
1287 3704 1289 3713 .

158 3742 211 3807 111,
225 3750 239 3800 1
254 3758 321 3815 pag.
331 3749 393 3799 212.
407 3744 505 3796 Burm.
526 3740 602 3796 Nam
613 3739 723 3812 primes
729 3750 794 3813 post
804 3760 849 3798 eos
860 3748 1211 3826 prospectaetradirleroat

125 3890 128 3894 ,
159 3826 314 3884 movisse
328 3826 456 3902 aliqua
473 3826 547 3884 circa
560 3827 712 3885 rhetoricen
719 3830 1019 3905 Etopedoclesrlicitasr3
1035 3840 1160 3896 etArist.
1173 3841 1209 3896 de

160 3918 280 3992 sophist.
296 3917 410 3972 elench.
425 3936 491 3992 peg-
510 3923 572 3976 638·
613 3923 740 3985 Τισίας
760 3923 930 3995 μὲνμετὰ
949 3918 1209 3999 redemerimus

161 4006 210 4061 vix
222 4002 296 4060 alios
310 4020 396 4077 wem
408 4004 614 4079 Empedoclem
628 4018 657 4062 et
671 4008 813 4064 Coracem
826 4010 859 4065 in
870 4024 966 4068 mente
980 4014 1115 4075 habuisse
1129 4018 1209 4073 vide-

161 4106 221 4151 tur.
258 4092 345 4148 Gonf.
363 4093 450 4148 Stura
465 4096 580 4168 Fragm.
594 4094 717 4171 Emped.
733 4113 800 4170 pag.
812 4105 857 4158 28.
882 4086 985 4157 Manto
1006 4094 1072 4180 pag.
1087 4113 1130 4164 11.

82 4185 151 4253 '³s)
172 4182 278 4237 Cicero
292 4179 324 4251 in
343 4181 436 4237 Bruto
456 4200 519 4254 cap·
540 4188 584 4239 tt.
629 4178 712 4237 Pacis
732 4190 772 4236 est
790 4201 876 4241 moses
892 4185 994 4261 crispas
1012 4190 1086 4247 socie
1104 4184 1139 4249 εἰ
1152 4194 1210 4250 iam

161 4269 227 4327 ὂων
239 4265 400 4325 constitutas
424 4264 546 4325 eioilalt's
556 4269 761 4344 peraridum
773 4274 908 4348 medam
920 4277 1081 4353 &pesam
1116 4282 1211 4357 ltaque
