2610 4634
504 180 596 287 .'··
639 198 710 266 sos·
746 230 790 247 -·

134 393 136 397 ’
250 364 462 460 μόχθηροῖ
485 365 655 461 ἐχρήσατο
687 395 750 441 ουκ
783 369 872 459 dal
867 367 1002 442 manati
1016 364 1165 458 dudode-
1200 380 1257 446 και

171 494 197 503 ·’
251 473 466 562 εἲςαγομένου
495 479 545 554 εἷς
571 470 838 565 δικαστήριον”
821 501 886 544 ινα
894 476 1158 600 κατηγορηθῇ,
1183 473 1255 551 ἄλλ’

252 577 308 644 ἐπὶ
328 577 458 667 πατρὸς
478 583 573 666 δικην
591 573 797 663 λαχόντος“
773 578 862 666 νπὲρ
880 573 1158 671 απεσφαγμένον
1172 605 1254 665 παι-

252 680 313 761 δός
336 681 399 752 τὸν
420 682 596 772 μοχθηρόν
614 684 711 768 ἐ’ταξε
737 685 801 754 καί
818 703 931 806 φηᾳιν
946 679 1094 765 adcor
1078 711 1117 759 εν
1140 695 1253 760 ’ΠΡΟ-

255 791 444 856 ΟΙΜΙΟΙΣ
465 794 561 855 ΚΑΙ
580 780 859 859 ἐΕΠΙΛΟΓΟΙΣ
882 783 990 876 saiyui
1015 780 1092 874 μ’ὲν
1116 785 1140 860 ot
1157 817 1251 878 μοχ-

216 885 427 976 έιηρός
412 883 568 960 ἅντινα
607 892 733 982 εχρῆν
767 893 1034 980 τεθνηκέναι
1068 891 1151 986 ζῶ
1162 905 1254 977 τοῖς

252 988 423 1099 ’ἐχθροῖς
448 992 702 1084 κατάγελως.
1006 1064 1009 1076 ,

118 1113 153 1174 in
172 1092 334 1197 prioribus
356 1116 435 1178 loeis
460 1107 583 1183 duobus
604 1117 704 1181 verba
732 1119 802 1200 καὶ
827 1112 1051 1206 ἐπιλόγοις
1073 1119 1194 1185 Saldae
1212 1144 1251 1205 sn

118 1218 242 1280 librarii
257 1219 459 1282 exciderint
451 1223 574 1283 1ncuria
591 1223 712 1284 nescio
1193 1250 1200 1261 ‘

145 1338 148 1343 '
206 1326 379 1408 Magnum
369 1349 404 1386 m
422 1326 473 1386 his
486 1323 586 1388 fuisse
601 1328 747 1389 locorum
766 1326 980 1388 communium
1002 1327 1058 1412 qui
1079 1329 1259 1423 insperge7¹

113 1434 233 1493 'rentur
258 1449 405 1511 eampum
424 1430 518 1492 facile
541 1447 673 1515 apparet
696 1446 728 1494 et
752 1431 832 1493 haec
851 1431 1017 1514 prooemia
1036 1447 1070 1494 et
1092 1428 1250 1522 epilogos,¹

117 1535 152 1594 ni
174 1533 290 1594 eximie
308 1534 413 1610 fallor,
431 1535 631 1598 “intellexisse
653 1536 792 1599 arbitror
815 1536 1023 1598 Aristotelem
1044 1539 1131 1622 apud
1159 1541 1251 1604 Cice·

115 1656 230 1702 renem
251 1639 285 1699 in
315 1641 417 1703 Bruto
442 1661 510 1725 cap.
539 1647 596 1709 12:
635 1637 744 1726 Itaque
771 1638 819 1700 ait
836 1626 1091 1703 Aristoteles...
1117 1643 1252 1730 scriptus

49 1770 53 1787 ι
103 1739 211 1828 fuisse
236 1754 267 1804 et
280 1754 415 1828 paratas
439 1766 460 1804 a
485 1732 664 1830 Protagora
694 1764 801 1806 rerum
815 1742 997 1822 illustrium
1025 1743 1251 1824 disputationes

114 1870 194 1936 quae
216 1869 299 1908 nuno
317 1846 493 1910 communes
506 1847 707 1934 appellantur
725 1846 793 1911 loci.
838 1845 933 1933 Quod
946 1846 1028 1910 idem
1035 1844 1158 1934 secisse
1173 1849 1250 1914 Gor-

113 1951 201 2037 giam
213 1973 308 2037 quum
324 1949 521 2034 singularum
538 1974 644 2014 retum
658 1952 767 2015 laudes
782 1950 1079 2038 vituperationesque
1096 1955 1249 2040 conscrib

113 2057 222 2128 sisset
238 2053 328 2117 ‚huic
343 2055 418 2117 AN
419 2051 597 2118 TIPHON
598 2053 709 2118 TEM
719 2053 950 2118 Rbummsrium
964 2054 1049 2118 simil
1048 2055 1247 2144 iaquaedum

113 2157 257 2221 babuisse
272 2159 454 2240 conscripta.

202 2275 304 2336 Toti
295 2275 393 2359 igitur
420 2273 495 2336 libri
525 2295 597 2336 cum
625 2274 665 2336 de
691 2224 759 2336 hac
778 2297 841 2336 una
870 2292 907 2336 re
935 2275 1034 2358 larga
1055 2272 1245 2341 exhibentes

116 2379 294 2462 exempla
285 2402 319 2440 m
343 2394 506 2441 oratorum
534 2402 625 2440 usum
656 2381 824 2464 compositi
856 2393 1018 2441 exstarent
1044 2379 1244 2468 iuvenesque

113 2484 147 2544 in
166 2483 333 2567 rhetorum
353 2485 472 2548 scholis
496 2485 569 2547 talia
593 2477 808 2548 declamarent
830 2498 924 2569 atque
945 2483 1142 2562 ediscerent,
1167 2489 1247 2573 quid

112 2587 231 2649 mirum
251 2588 278 2649 si
303 2586 415 2651 eadem
436 2590 601 2674 prooemla
622 2591 676 2654 vel
698 2590 843 2674 epilogos
866 2588 987 2652 diversi
1006 2584 1155 2653 suctores
1167 2592 1246 2654 suis

108 2694 288 2756 inculcasse
302 2694 499 2756 orationibus
511 2695 743 2773 invenirentur.
788 2698 860 2756 Non
875 2693 916 2754 de
936 2693 1089 2778 legitimis
1108 2696 1241 2780 quibus.

112 2798 185 2860 dam
198 2798 330 2862 vocibus
345 2800 556 2885 formulisque
571 2800 700 2883 dicendi
713 2798 960 2862 solemnioribus
970 2819 1051 2883 quae
1065 2819 1102 2861 re
1116 2795 1242 2885 agenda

112 2919 146 2966 et
158 2927 217 2965 usu
231 2903 394 2991 frequenti
408 2920 499 2967 erant
511 2906 668 2980 sancitam
680 2919 716 2968 ut
731 2905 785 2968 viu
801 2905 886 2971 inter
901 2924 935 2964 se
951 2904 1244 2987 possent‘invioem

112 3008 323 3090 discrepare,¹
337 3009 394 3071 sed
413 3008 454 3072 de
468 3011 545 3072 totis
566 3030 671 3071 sermo
691 3022 740 3071 est
758 3029 820 3072 ovo
835 3006 1041 3081 similioribus
1059 3010 1241 3082 sententiis,

109 3116 153 3176 Et
176 3115 256 3177 vero
276 3127 378 3176 exstat
394 3115 489 3176 huius
509 3116 560 3177 rei
581 3115 760 3198 exemplum
784 3112 877 3178 valde
896 3126 1074 3175 memoratu
1096 3113 1241 3199 dignum,

110 3219 175 3280 iam
205 3238 223 3278 a
251 3218 388 3301 Tayloro
416 3219 450 3279 in
479 3220 686 3284 Lectionibus
712 3219 864 3303 Lysiacis.
898 3236 965 3300 cap.
995 3225 1025 3284 3.
1055 3217 1243 3283 indicatum.

110 3322 289 3385 Andocidis
308 3322 409 3384 oratio
424 3329 502 3410 περὶ
512 3329 707 3414 μυστηρίων
727 3337 896 3408 antequam
909 3321 1037 3405 Lysiam
1057 3343 1146 3383 suam
1163 3330 1246 3412 περὶ

110 3423 383 3517 Ἀριστοφάνους
401 3424 583 3515 χρημάτων
596 3412 821 3514 composuerit,
844 3425 978 3488 recitata
991 3426 1129 3501 videtur,
1154 3443 1188 3490 et
1208 3429 1243 3490 in

110 3540 246 3618 utraque
277 3531 388 3604 eadem
416 3534 573 3596 sententia
602 3534 716 3596 iisdem
743 3553 827 3618 pene
850 3531 962 3596 verbis
982 3531 1111 3616 legitur.
1157 3535 1241 3597 Sunt

109 3651 214 3700 autem
231 3623 328 3705 haee,-

194 3730 308 3825 'Lysias
327 3765 398 3828 pag.
416 3749 489 3813 309.
510 3744 589 3806 Bkt.
741 3741 925 3806 Andocides
936 3763 1009 3826 pag.
1024 3745 1076 3809 86.
1093 3741 1173 3804 Bllt

20 3862 23 3868 ’
112 3843 297 3939 aliquotam
333 3840 399 3919 οὖν
428 3843 519 3936 aiacis
546 3853 663 3945 δίκαια
689 3847 853 3939 αἰτοῦμαι
873 3839 940 3919 οὖν
959 3841 1051 3935 ὑμᾶς
1072 3837 1100 3914 ὦ
1118 3841 1244 3936 ἄνδρες

104 3957 167 4021 καὶ
191 3949 297 4038 ῥᾴδια
326 3957 548 4081 χαρίσασθαι,
579 3951 662 4026 ἄνευ
687 3951 830 4027 advocor
863 3954 967 4025 πλείω
999 3950 1241 4038 παρασχέσθαι

103 4051 210 4183 οργῆς
249 4061 315 4125 aul
366 4054 485 4149 ἡμῶν·
516 4053 665 4131 οἰκοῦσαι
687 4062 765 4147 εμοι
782 4088 830 4186 vqs
816 4045 1149 4180 ἇπολογουμένρ”
1125 4083 1147 4146 η
1165 4066 1240 4138 τοῖς

111 4153 233 4251 ὥσπερ
230 4159 309 4232 τῶν
317 4160 521 4256 κατηγόρωνέ
536 4159 663 4256 oivolqu
688 4160 887 4254 κατηγόροις
905 4153 1078 4242 elddtac'
1057 4186 1112 4230 οτι
1124 4149 1190 4245 κᾷν
1202 4163 1240 4244 ἐξ

110 4264 175 4356 γάρ
206 4295 268 4338 τον
293 4261 571 4358 απολογόῦμενὸν
600 4260 665 4356 udis
688 4271 769 4342 ἴσον
800 4261 986 4357 asperiore,
1018 4260 1147 4354 οἷναγιη
1176 4263 1240 4336 τὸν
