2610 4634
475 206 770 322 ¹-ss12'5-

224 429 353 551 οτήνγ
354 423 387 515 ιι)
418 425 489 493 διά
518 425 596 518 τήν
624 421 835 512 άπειρίαν
864 417 1012 506 άναξίως
1043 421 1100 487 καί
1129 411 1197 491 οἶδα

227 524 338 608 νάταις
371 522 454 614 αιιὲρ
484 528 549 599 τοῦ
578 525 732 620 άδελφοῦ
760 533 816 596 καί
846 525 996 614 ἐμαυτοῦ
1026 522 1088 614 τὴν
1116 546 1217 610 κατη-

223 636 344 721 γορίαν
371 629 571 722 ποιήσοιιαι
608 660 701 721 ομως
741 634 778 702 δὲ
813 625 1020 720 πειράοοραι
1057 623 1166 713 ὑμᾶς
1184 625 1219 707 ἐξ

225 731 327 828 ἆρχῆς
350 730 395 818 αἷς
418 727 462 806 άν
485 733 640 824 δύνωμαι
664 732 708 805 δι’
731 738 914 822 ἐλαχίστων
937 729 1086 816 διδάξαι.

182 878 231 939 Ex
253 879 347 961 Lysia
370 877 457 964 quod
476 877 698 960 probavimus2
715 878 749 938 id
772 878 799 937 si
823 876 892 961 quis
916 873 1058 946 attendit,
1083 894 1122 933 ex
1147 870 1217 953 ipso
1292 879 1296 899 ⁴

94 979 244 1044 Phaedro
260 1005 325 1045 non
345 981 481 1045 obscure
494 982 647 1066 colligere
668 996 790 1066 potest;
813 1003 886 1042 nam
906 1002 977 1065 pag,
999 983 1029 1044 4.
1049 972 1102 1037 hie
1123 975 1217 1036 dicit:

226 1106 291 1174 οίει
312 1131 355 1189 με
375 1096 401 1171 ά
421 1108 556 1184 Λυσίας
578 1105 615 1173 ἐν
636 1103 752 1193 πολλῷ
773 1099 884 1192 χρόνῳ
897 1101 983 1170 κατά
999 1097 1124 1188 σχολήν
1137 1122 1218 1168 σνν-

223 1210 322 1297 teque
360 1205 566 1288 δεινώτατος
601 1197 649 1277 aiv
685 1208 754 1277 τῶν
789 1206 852 1277 νῦν
887 1201 1070 1293 γράφειν
1107 1199 1219 1270 ταῦτα

225 1310 366 1401 ίδιαίτην
387 1309 474 1382 ίίνια
497 1308 813 1400 άπομνημονεύσειν
835 1305 938 1394 οἷ’ξίοις
959 1311 1106 1388 ἐκείνους

94 1445 128 1493 et
140 1453 212 1516 pag.
226 1440 288 1501 01,-

225 1543 282 1605 καί
303 1534 368 1625 γάρ
390 1565 442 1619 τις
465 1533 574 1609 αὐτόν
589 1531 616 1607 ὦ
629 1533 810 1624 θαυμάσιε
833 1537 974 1624 ἔναγχος
994 1534 1064 1603 τῶν
1085 1535 1218 1602 αολιιι-

225 1640 294 1712 κῶν
315 1637 409 1712 τοῦτ’
435 1638 521 1713 attat
549 1640 722 1729 λοιδορῶν
751 1635 903 1725 ὠνείδιζε
932 1645 988 1707 καί
1019 1637 1081 1707 διά
1109 1633 1219 1726 πάσης

140 1839 145 1849 ⁸
224 1745 283 1836 τῆς
303 1749 479 1835 λοιδορίας
500 1743 609 1816 ἐκάλει
630 1741 854 1834 λογόγραφον,

95 1886 150 1972 qui
171 1886 197 1947 si
215 1885 285 1969 ipse
306 1877 371 1949 'iam
391 1900 499 1950 orator
519 1887 553 1946 in
572 1883 692 1946 iudicio
717 1883 948 1958 contendisset,
972 1904 1133 1968 nunquam
1157 1882 1219 1943 hoe

96 1990 237 2054 audisset
256 2012 382 2055 nomen.
429 1995 561 2056 Causam
579 2011 658 2053 vero
677 2011 737 2074 qua
753 2005 825 2051 ante
849 1989 1028 2051 anarehiam
1047 1988 1166 2049 frustra
1185 1987 1219 2047 in

93 2086 172 2162 foro
191 2095 317 2179 Lysiam
335 2086 526 2180 quaerimus,
550 2097 603 2158 aiii
627 2096 661 2155 in
682 2095 877 2179 reipublicae
900 2095 1036 2156 fortasse
1058 2107 1233 2175 permuta„

79 2202 182 2279 ,tione
211 2201 390 2276 invenient,
419 2202 472 2264 alii
502 2203 571 2264 aliis
600 2201 633 2261 in
659 2199 765 2260 rebus.
811 2198 876 2260 Sed
904 2220 968 2260 non
993 2196 1220 2282 negligendum

95 2304 182 2392 quod
195 2304 237 2366 'tle
255 2305 337 2369 vitae
354 2307 421 2366 eius
437 2307 560 2368 ratione
581 2304 725 2368 traditur.
770 2306 848 2365 Erat
868 2304 953 2365 enim
969 2303 1078 2385 Lysias
1097 2316 1132 2363 ut
1151 2302 1219 2363 eius

66 2397 188 2495 *pater
214 2402 387 2495 Cephalus,
410 2412 582 2498 yte'wtwffl
611 2429 680 2494 plo
695 2409 760 2486 suis
786 2409 820 2468 in
840 2407 1068 2492 rempublicam
1092 2409 1227 2482 restitus

94 2513 209 2576 endam
244 2515 366 2576 meritis
396 2515 523 2578 civitate
554 2530 589 2577 ut
618 2514 805 2588 dona1etu1‚
836 2513 961 2597 rogavit
993 2510 1218 2594 thrasybulus,

93 2612 196 2705 quod
201 2642 297 2704 quum
317 2640 392 2681 casu
406 2642 470 2682 non
486 2615 706 2703 impetrasset,
729 2632 844 2700 negata
863 2617 972 2680 civitat
975 2637 992 2676 e
1009 2617 1042 2676 in
1057 2608 1221 2687 ἰσοτελῶν

93 2744 263 2786 numerum
293 2724 412 2786 relatus
441 2739 504 2799 est,
544 2740 575 2787 et
598 2722 735 2787 fortasse
762 2722 813 2782 his
841 2742 941 2807 aeque
971 2735 1065 2806 atque
1095 2721 1220 2784 civibus

77 2812 221 2891 ‘eausam
260 2850 354 2914 agere
389 2831 438 2890 ius
477 2809 558 2904 erat,
582 2830 644 2890 nisi
679 2826 829 2913 privatim
863 2826 976 2908 Lysiae
1003 2826 1123 2887 oratori
1152 2841 1220 2888 erat

91 2934 286 3017 permissum
293 2957 303 3014 3
326 2957 399 2997 nam
424 2933 464 2996 de
489 2933 603 2995 haere
624 2914 779 3018 nusquam
800 2945 922 2992 eertum
950 2931 1060 3015 legere
1078 2931 1218 3001 memini,

92 3040 143 3099 Ne
176 3036 252 3123 quid
277 3052 382 3100 tamen
405 3038 572 3113 reticeam,
602 3038 850 3111 oratio¹0ctava
873 3039 1057 3125 κατηγορία
1079 3040 1221 3108 κακολο·

92 3141 193 3230 γιῶν,
226 3165 305 3228 quae
337 3157 503 3228 tantopere
536 3145 621 3206 viros
656 3144 767 3205 doctos
800 3142 942 3216 vexavit,
978 3146 1107 3224 praeter
1134 3140 1220 3203 iilam

94 3245 179 3332 apud
193 3247 376 3322 Platonem,
402 3249 428 3309 si
448 3247 525 3332 quid
545 3248 640 3312 video
668 3248 734 3310 sola
756 3262 917 3332 superstes
939 3247 1125 3308 exercitatio
1147 3261 1219 3308 ante

74 3342 277 3415 ¹a'n'arehiam
308 3352 463 3415 confecta.
509 3354 684 3437 Epistolam
713 3374 778 3414 non
809 3373 879 3414 esse
910 3373 990 3437 quae
1019 3351 1142 3414 Reiskii
1172 3365 1221 3414 est

33 3501 35 3504 .
95 3457 270 3532 sententia·
287 3458 339 3520 vel
358 3458 460 3542 prima
479 3457 651 3521 ostendunt
670 3459 828 3541 prooemii
847 3457 956 3522 verba.
1002 3460 1037 3519 In
1058 3456 1118 3519 hae
1137 3457 1220 3518 anti·

95 3560 231 3624 theseon
255 3582 356 3646 genus
373 3562 441 3644 (res
461 3563 529 3646 ipse
554 3561 627 3626 fieta
646 3561 788 3644 videtur)
809 3564 910 3648 magis
929 3584 1023 3647 quam
1043 3562 1076 3622 in
1104 3556 1221 3626 ceteris

25 3724 29 3729 .
70 3663 280 3765 ¹frequenta
280 3687 332 3730 um
357 3681 488 3750 apparet
506 3687 536 3729 v.
558 3687 585 3729 e.
608 3661 796 3755 virtuosius
783 3667 845 3752 μὲν
874 3661 939 3738 οὖν
969 3661 1232 3754 ἀναγκάζεσθαι

95 3770 203 3859 λέγειν
224 3774 301 3859 περὶ
324 3798 466 3848 τουτων,
491 3767 667 3841 άδιίναιον
691 3774 761 3858 δὲγ
749 3800 793 3862 μη
786 3772 940 3860 λέγειν,
964 3771 1055 3831 item.
1079 3797 1135 3838 και
1154 3769 1219 3874 εγοί

93 3876 174 3969 μὲν
202 3872 297 3966 uittae
330 3872 616 3964 φιλοσοφουνιας
654 3871 781 3956 αιίιοδς
813 3881 890 3965 περί
926 3875 991 3947 ιοῦ
1025 3873 1223 3969 πράγματος

60 4012 63 4017 ·
96 3972 284 4069 ιίνιιλίγειν
305 3979 368 4049 τδν
391 3981 550 4050 ἐνανιίον
578 3977 688 4068 λόγον.
720 3974 814 4050 οἷδ’
844 3977 913 4069 άρα
941 3975 1003 4051 ουίι
1033 3976 1220 4074 άνιέλεγον,

96 4077 170 4151 αλλ’
192 4079 424 4173 ἀντέπραττον
446 4085 568 4191 aliaque
590 4086 682 4168 plura
710 4099 742 4147 et
765 4098 832 4147 tota
854 4105 907 4148 res
931 4086 1025 4149 nimis
1053 4101 1102 4150 est
1129 4089 1221 4152 exilis

70 4208 191 4275 ,quam
206 4202 242 4251 ut
262 4200 336 4271 post
351 4188 430 4250 illud
449 4203 575 4272 tempus
601 4213 618 4252 a
639 4189 732 4273 Lysia
753 4189 939 4273 explicitum
961 4191 1141 4275 existimes3
1165 4192 1223 4256 sed

96 4292 200 4360 oratio
219 4294 398 4359 accuratius
414 4294 619 4360 examinanda
634 4310 683 4361 est
696 4309 732 4361 ut
745 4292 872 4384 quod
847 4310 888 4360 ιιι
900 4315 1013 4365 verum
1029 4297 1161 4362 eluceat
