2610 4634
504 208 771 339 '-17i-·
851 228 855 247 '

219 425 388 513 βαλέσθαι
410 427 468 497 aci
487 424 668 516 προϊόντος
689 426 755 501 τοῦ
786 422 890 518 λόγου
919 425 1098 514 ἐπιδείξειν
1113 418 1210 519 'ailp-

218 534 278 615 eta
298 527 537 618 όσιισχνιῖσθαι
565 528 870 621 προφασισόιιιιοι
897 524 952 602 ὅτι
981 531 1026 602 σοὶ
1051 550 1210 623 προειρηε

218 637 304 723 μένα
325 637 463 722 πρῶτον
483 633 601 725 βούλει
624 634 802 724 ἆποόεῖξαι
825 632 939 728 όληθῆ
952 632 1036 707 όντα
1057 629 1213 727 ἢόλκαια

223 739 245 832 ἤ
265 769 299 811 τι
321 740 391 811 τῶν
412 738 591 815 τοιούτων.
616 747 673 811 καλ
694 741 879 814 τοῦτον
840 768 902 830 μιν
922 741 984 812 τόν
1006 736 1135 828 τρόπον
1148 741 1211 824 σός

220 841 380 929 ολπιστίας
417 843 596 933 ἰασόμεθα.
628 843 891 937 σολλήβόιινόλ
918 845 981 927 τός
990 841 1213 949 ἐπαγγελίας

222 955 279 1020 καλ
306 949 369 1032 coir
398 946 582 1081 δηλώσεις·
589 954 646 1019 καλ
673 948 736 1031 τός
763 945 974 1041 προρρήσεις
986 946 1074 1036 εξ
1050 948 1214 1022 αιιόνσων

218 1053 289 1126 τῶν
299 1056 435 1146 elon
407 1083 506 1125 teror
535 1064 656 1144 σαφεῖς
684 1059 741 1125 καλ
769 1059 929 1165 βραχελας
956 1059 1014 1125 καὶ
1042 1050 1105 1127 οόκ
1132 1050 1212 1126 dat-

218 1185 321 1242 οιοος
341 1154 528 1253 ποιήσομεν
540 1160 576 1241 9).

87 1337 286 1408 haecomnia
303 1339 394 1422 plura
418 1336 547 1439 quidem
562 1335 786 1420 descripsimus
800 1337 886 1423 quod
905 1359 970 1401 uon
989 1292 1090 1399 mddo
1103 1358 1212 1410 narra·

86 1443 184 1505 tionis
203 1457 421 1526 praeceptum,
444 1441 501 1504 sed
521 1436 743 1505 enodationem
764 1463 892 1529 quoquc
907 1441 1026 1528 quibus
1049 1442 1128 1504 illud
1156 1441 1210 1507 fiat

88 1538 264 1611 ra'tiouihus
281 1569 321 1609 ex
333 1547 481 1610 isocratis
498 1547 582 1610 libro
602 1560 756 1630 sumptam
770 1567 841 1608 esse
853 1546 932 1607 mihi
948 1564 1134 1630 persuasum
1152 1561 1209 1610 est.

87 1652 165 1714 lnde
181 1651 319 1735 primum
339 1640 487 1736 apparet,
511 1666 544 1714 et
564 1651 625 1713 hoc
647 1651 867 1736 gravissimum
885 1666 934 1715 est
954 1652 1094 1714 omnium
1117 1674 1210 1738 argu-

32 1766 36 1777 '
87 1771 230 1819 mentum
242 1759 296 1838 ¹⁰),
318 1756 526 1839 Aristotelem
543 1756 570 1817 si
582 1769 693 1818 auctor
709 1770 794 1818 esset
815 1755 908 1818 huius
923 1756 1001 1825 artis
1018 1776 1089 1818 sese
1106 1757 1210 1840 ipsum

89 1861 258 1923 irrisorum
272 1881 342 1924 esse
357 1873 390 1921 et
403 1860 541 1925 Victorii
553 1859 593 1922 de
608 1844 804 1922 Anaximene
822 1860 978 1945 sententia
995 1860 1080 1925 haud
1098 1884 1210 1945 parum

87 1965 241 2029 firmatur.
287 1964 373 2063 Quid
397 1964 425 2026 si
442 1964 639 2027 Aristoteles¹
652 1986 717 2027 non
738 1952 910 2027 Isocratem
933 1965 1044 2040 solum,
1068 1965 1124 2051 ιἰιιί
1142 1967 1208 2051 pri-

86 2093 157 2134 mus
177 2071 259 2132 hanc
282 2071 415 2154 protulit
435 2068 550 2156 legem,
575 2069 632 2132 sed
652 2070 825 2154 discipulos
851 2069 963 2144 etiam,
987 2085 1020 2133 ct
1037 2071 1228 2134 Anaxime.'

87 2196 161 2238 nem
175 2173 391 2237 intellexerit?
410 2187 473 2260 quo
486 2195 544 2263 our
558 2168 769 2238 multitudinis
784 2175 929 2259 posuerit
938 2197 1220 2263 numerum-'egres

87 2281 140 2366 gie
168 2279 330 2342 docemur.
373 2278 545 2356 Praecedit
573 2279 701 2365 quidem
727 2278 812 2341 haud
835 2301 934 2363 parva
958 2281 1070 2344 lacuna
1096 2282 1209 2366 primis

88 2384 207 2462 verbis,
230 2399 266 2447 ut
288 2382 451 2450 Victorini
465 2382 533 2445 'iam
561 2384 736 2466 suspicatus
764 2397 826 2463 est3
856 2385 963 2446 locum
982 2387 1067 2450 enim
1091 2388 1146 2472 qui
1175 2387 1209 2449 in

88 2489 253 2552 codicibus
271 2488 390 2573 legitur
412 2502 444 2550 et
465 2509 560 2573 quem
582 2511 676 2574 supra
694 2490 757 2552 iam
777 2490 887 2575 legere
907 2491 969 2554 fuit
990 2492 1073 2556 libro
1094 2492 1218 2576 primo,-

87 2593 126 2656 ab
140 2593 314 2656 Aristotele
333 2615 397 2655 non
418 2594 593 2677 repetitum*
605 2602 676 2656 esse
699 2609 831 2670 constat,
856 2594 967 2659 sedulo
987 2597 1123 2659 fortasse
1142 2597 1208 2659 cui-

36 2700 46 2715 *
86 2693 270 2782 piam'illam
283 2699 427 2760 lacunam
440 2698 569 2781 explere
591 2698 729 2761 studenti
750 2697 878 2762 affixum
895 2704 925 2782 ¹¹)
971 2701 1035 2762 Sed
1054 2700 1227 2788 quidquid·x

85 2803 276 2887 praecessit,
306 2804 455 2866 Isocratis
483 2824 600 2865 nomen
623 2792 696 2865 'non
719 2820 933 2889 nuncupatum
961 2827 1048 2880 esse,
1080 2805 1208 2870 dicendi

87 2946 401 2960 m

108 3039 137 3106 s)
157 3037 243 3093 conf
262 3037 351 3093 idem
355 3037 550 3093 Anaximenes
563 3056 627 3110 cap
645 3044 688 3096 38.
707 3057 772 3112 pag.
788 3048 850 3100 164
889 3041 1001 3098 Similia
1018 3043 1118 3114 prodit
1129 3042 1208 3098 Ano

156 3145 258 3196 aymus
270 3125 348 3199 apud
363 3113 484 3182 Geleum
500 3143 568 3205 ittig.¹
586 3133 646 3184 194
667 3128 765 3183 Fisoh:
786 3129 933 3200 αριιαιιλε
954 3131 1106 3203 διηγήσεως
1125 3140 1207 3203 τρεῖς

159 3212 307 3320 σόιιιιόνεια,
328 3222 479 3287 συντομία
499 3214 660 3284 πιθανότης.
697 3217 845 3290 Σαφι,νεια
858 3238 913 3291 ιιιν
929 3215 981 3279 ουν
987 3223 1118 3293 λέγεται
1142 3220 1210 3276 dtur

152 3304 223 3374 μήτε
248 3306 337 3369 λέξεσι
362 3307 452 3368 ξέναις
475 3303 625 3377 χρώμεθα,
653 3303 722 3389 pite
751 3308 905 3372 διανοίαις,
937 3307 1007 3380 μήτε
1030 3307 1207 3416 όιιερβόιοις

156 3396 303 3465 Συνιοαία
322 3390 389 3448 d't''
374 3409 439 3447 οταν
455 3387 524 3445 adid
541 3391 630 3462 μόνον
645 3390 677 3448 tri
689 3397 825 3466 αναγκαια
841 3388 887 3451 eis
877 3402 1006 3469 ξίιοιιεν,
1023 3397 1091 3469 μήτε
1112 3397 1206 3469 πόρ’ῥιο

154 3479 317 3553 ιλρχόιιενοι,
335 3480 404 3560 ιιιξιε
422 3480 469 3533 ἐπὶ
487 3479 646 3552 μακρότατα
660 3482 824 3553 παυόμενοι
864 3482 1023 3552 λΙιθανόιης
1042 3482 1108 3540 ‹le-'¹
1086 3503 1159 3540 οταν
1175 3483 1207 3540 td

155 3569 241 3637 αλιι),
257 3575 303 3623 καὶ
316 3559 463 3642 δυνόιιενα
483 3573 667 3636 πιστευθῆναι
688 3573 824 3645 ιλιιλιόιιιν
864 3612 868 3626 ι

105 3675 148 3744 ¹⁰)
167 3673 232 3728 Alia
254 3674 369 3728 minora
391 3672 459 3725 vide
474 3673 552 3744 apud
571 3674 721 3748 Spalding.
742 3676 780 3730 ad
802 3677 976 3758 Quintiliani
1005 3690 1076 3734 tom.
1095 3679 1117 3732 l.
1138 3697 1204 3754 pag

154 3769 216 3827 457,
230 3761 335 3834 quibus
359 3760 444 3832 plura
469 3759 579 3816 addere
601 3778 720 3834 possum
748 3781 823 3836 quac
844 3766 1032 3821 Aristotelem
1053 3781 1204 3865 auctorem

155 3869 216 3906 non
233 3867 295 3904 esse
309 3848 472 3932 ostendant.

103 3956 147 4025 ²¹)
165 3955 273 4011 Mirum
290 3973 358 4009 sano
375 3954 453 4026 quod
465 3954 631 4011 Aristotelis
648 3957 832 4023 rhetoricae,
851 3958 928 4014 idem
943 3959 1129 4017 Anaximenis
1148 3964 1204 4019 arti

156 4042 296 4098 accidisse
305 4060 316 4110 ι
336 4042 366 4096 in
387 4043 471 4099 huius
488 4044 566 4098 enim
583 4044 672 4113 etiam
690 4042 769 4101 libro
783 4048 868 4121 plura
883 4047 914 4102 iu
928 4065 961 4103 su
983 4050 1129 4105 erioribus
1148 4052 1207 4106 ianr

158 4130 312 4184 maximam
327 4141 440 4204 partem
457 4128 545 4186 obvia
559 4150 592 4186 ex
610 4131 704 4205 iisque
726 4145 820 4188 assuta
842 4133 914 4203 calci
905 4067 1013 4210 vulgo
1028 4137 1204 4205 adhaerent,

156 4234 230 4292 quae
244 4217 372 4272 auctoris
387 4216 474 4273 finem
494 4238 554 4287 uon
576 4218 723 4333 integrum
744 4221 906 4304 suppleant
927 4224 1007 4278 conl.
1029 4227 1120 4283 Bultle
1137 4244 1204 4303 pag.

154 4312 215 4365 181
234 4322 316 4379 seqq.
748 4330 751 4337 ·
