2610 4634
458 249 787 319 ·...s..s

86 420 193 482 tinent
208 437 306 500 capp..
318 417 506 481 xv-xxt.
519 415 593 477 libri
609 416 741 478 secundi
756 431 789 478 et
807 418 932 501 integer
946 418 1074 481 tertius:
1097 417 1211 478 Sexti

88 520 291 608 Empirici
312 518 394 582 liber
414 520 528 582 tertius
545 519 697 583 adversus
710 521 858 584 rhetores
874 521 914 583 de
932 519 996 584 fine
1015 520 1211 601 rhetoricam
1245 580 1248 591 ι

85 628 122 691 in
135 625 247 712 primis
267 643 346 686 vero
368 624 453 710 quae
464 645 503 687 ex
521 625 618 688 variis
637 625 819 689 auctoribus
833 626 967 689 collecta
996 627 1028 688 in
1042 625 1116 688 Aldi
1138 625 1211 688 rhe-

86 729 213 795 toribus
236 743 421 802 servsntur,
451 751 481 790 v.
504 750 532 791 c.
559 731 716 813 praefatio
736 729 866 793 scholiis
886 731 919 793 in
938 733 1091 818 Hermog.
1118 751 1211 816 prae-

50 830 54 839 “
86 837 195 910 missa,
209 833 255 896 sic
271 849 393 898 notata:
412 827 569 925 haaron:
578 838 749 920 oaeoiiow'
735 863 768 906 ex
783 830 1213 956 druodpuvtaxroyooiowv

84 946 137 1023 εἰς
149 968 193 1010 τα
184 935 498 1027 προλεγόμενα”
456 965 515 1029 της
519 933 771 1027 “Eprcoyiroor
753 938 940 1030 europaeis,
956 940 995 1004 ad
1000 961 1151 1024 paginam
1160 960 1212 1004 us·

86 1026 153 1134 qn¹e
166 1048 208 1112 16
221 1042 343 1130 quaein
357 1043 426 1106 aliis
443 1042 607 1121 codicibus
618 1043 677 1105 alia
691 1058 810 1123 exstat3
829 1044 913 1108 coni.
921 1045 1004 1106 bibl
1014 1044 1109 1108 Coisl.
1119 1048 1209 1111 Mon-

83 1151 144 1214 tef.
173 1170 245 1234 pag.
259 1153 324 1218 592
346 1168 413 1233 seq.
427 1147 652 1211 MorelliBihl.
667 1148 745 1211 Diri
763 1149 864 1229 Marci
879 1164 953 1212 tom.
969 1152 992 1210 l
1011 1171 1081 1236 pag
1098 1155 1164 1217 300
1177 1163 1211 1211 et

88 1254 216 1321 Fabric.
235 1251 318 1315 Bihl.
336 1270 456 1336 graeca
483 1266 558 1318 tom.
579 1256 631 1316 tx.
658 1274 729 1338 pag.
750 1259 830 1326 teo,
858 1253 891 1314 in
912 1253 1002 1317 cuius
1025 1252 1153 1325 codice,
1176 1268 1211 1314 nt

75 1347 285 1424 'Christianos
298 1357 468 1432 mittamus,
482 1357 650 1432 eGraecis,
661 1349 1046 1444 uudeillaProlegomena
1060 1373 1211 1442 excerpts

87 1479 178 1538 sunt,
202 1475 349 1526 auctores
368 1460 805 1546 laudanturSimplicius,
828 1463 1056 1547 Longinus,
1080 1463 1209 1546 Syria-

86 1586 179 1642 uus,
203 1563 469 1629 lamblichusz
492 1565 631 1652 denique
650 1567 747 1631 multa
767 1567 895 1653 egregia
915 1566 1034 1630 scholia
1054 1568 1123 1651 ipsa
1147 1570 1211 1650 Sy-

90 1672 217 1746 rioni,
251 1670 509 1746 Marcellini,
546 1670 715 1756 Sopatri
750 1687 782 1734 et
810 1672 1007 1756 Anonymi
1038 1687 1221 1759 praestant,-

85 1777 203 1867 quibus
223 1790 258 1838 ut
281 1795 377 1858 saepe
401 1795 484 1838 nova
500 1774 605 1860 ,primi
627 1775 661 1837 in
687 1776 792 1839 lucem
821 1769 1027 1849 duceremus,
1066 1777 1210 1863 contigit.
1240 1832 1244 1837 .

88 1881 155 1945 Alii
176 1901 233 1942 suo
247 1880 321 1942 loco
337 1903 355 1943 a
368 1880 461 1943 nobis
475 1875 706 1960 laudabuntur3
729 1902 810 1967 quos
824 1895 924 1947 testes
939 1881 1000 1945 hac
1015 1880 1210 1968 disquisitio-

86 1987 138 2050 nis
155 1986 228 2070 lege
242 1983 441 2047 adhibuimus
456 1999 491 2046 ut
506 2000 539 2048 et
556 1984 655 2048 verba
671 1999 705 2049 et
717 2005 843 2048 sensum
865 1985 1037 2072 diligenter
1054 1987 1211 2050 examina·
1257 2048 1261 2059 ,

85 2108 214 2163 murus,
237 2095 343 2177 neque
362 2087 521 2151 dictorum
534 2087 631 2152 fidem
649 2089 718 2153 sine
735 2091 924 2157 necessitate
939 2089 1213 2155 labefactaremus.

181 2196 270 2256 Haec
284 2207 392 2256 nostra
410 2194 485 2256 artis
508 2193 666 2258 oratoriae
680 2194 813 2257 historia
829 2215 946 2258 vereor
964 2215 1004 2258 ne
1019 2195 1112 2258 valde
1123 2195 1213 2258 rudis

87 2315 122 2364 et
135 2298 324 2386 imperfecta
338 2299 400 2372 rel,
419 2311 454 2360 ut
468 2298 587 2361 rectius
605 2297 764 2374 dicamus,
780 2299 865 2363 nulla
880 2320 1012 2386 prorsus
1029 2287 1167 2381 eradat}
1178 2305 1220 2363 ut
1290 2384 1293 2396 „

41 2418 54 2430 ·
90 2405 178 2468 enim
196 2425 274 2490 quas
295 2401 512 2465 antecedentis
529 2403 711 2489 philosophi
731 2423 868 2488 sequens
887 2405 1066 2467 eorrexerit
1087 2419 1212 2468 senten-

88 2511 167 2583 tias,
192 2523 225 2570 et
245 2530 306 2593 qua
322 2505 462 2578 ratione,
486 2527 642 2593 quamque
663 2508 732 2593 ipse
752 2528 867 2572 novam
884 2508 1087 2593 produxerit,
1110 2508 1213 2596 philo·

89 2611 223 2697 sophiae
238 2609 335 2681 docet
347 2610 490 2684 historia,
514 2611 663 2675 similiter
675 2614 729 2698 qui
744 2613 913 2698 primusin
930 2614 1070 2681 oratoria
1084 2614 1212 2677 annisus
1259 2665 1263 2693 ,

88 2719 149 2793 sit,
173 2714 250 2802 quid
262 2715 476 2800 praestiterit,
500 2737 580 2800 quae
597 2717 636 2780 ab
650 2707 691 2781 eo
705 2719 820 2781 omissa
833 2719 887 2803 qui
900 2719 1002 2782 secuti
1017 2734 1100 2793 suut,
1123 2718 1213 2783 dein-

90 2843 168 2907 ceps
191 2820 391 2905 expleverint
414 2835 448 2882 et
467 2819 663 2894 addiderint,
687 2821 801 2907 quibus
824 2823 903 2886 alius
922 2823 976 2887 alii
995 2825 1213 2897 anteverterit,

88 2942 123 2992 ut
129 2912 320 3012 progressus
336 2925 482 2988 eccultus
494 2925 557 2989 rite
569 2924 770 3000 cohaereant,
793 2926 886 2990 nobis
897 2927 961 2992 erit
972 2928 1214 3002 ostendendum,

90 3029 271 3118 qeae‘baud
287 3032 354 3093 scio
371 3018 410 3093 au
428 3030 533 3092 nullus
545 3044 581 3093 ut
595 3029 729 3094 aliorum
741 3031 843 3116 fugiat
856 3030 1064 3118 vituperium,
1084 3035 1117 3096 iu
1129 3049 1216 3098 tanta

92 3135 346 3200 testimoniorum
358 3135 491 3220 penuria
506 3135 622 3220 vixque
630 3135 987 3222 nominibusquiinarte
997 3139 1215 3214 excelluerint,

88 3241 270 3328 posteritati
287 3239 411 3304 traditis
427 3240 640 3324 probabiliter
659 3242 882 3327 explanaturus
898 3242 956 3320 sit3
980 3242 1085 3327 itaque
1102 3243 1145 3305 de‘
1157 3245 1215 3308 ho.

88 3346 228 3410 minibus
254 3343 396 3407 dicemus
419 3345 554 3431 aliquid,
586 3345 631 3408 de·
650 3367 687 3408 re
712 3368 832 3430 parum.
879 3347 986 3442 Quare
1008 3348 1034 3408 si
1063 3348 1241 3433 quaedam·

89 3467 145 3515 aut
166 3449 367 3536 negligenter
385 3448 552 3513 observata
579 3465 612 3513 et
632 3451 783 3525 enodata,
808 3465 860 3513 aut
881 3451 962 3514 male
982 3472 1139 3538 connexa,
1164 3455 1216 3517 rel

36 3572 39 3577 ·
90 3548 181 3641 plura
205 3575 286 3640 quae
308 3554 467 3617 subtiliori
492 3556 629 3618 inveniri
654 3556 776 3640 possint
797 3557 1069 3638 perscrutatione,
1102 3560 1217 3620 omissa

93 3673 176 3734 sunt,
191 3658 335 3721 tenebris
349 3659 403 3720 ubi
415 3661 494 3722 haec
515 3661 666 3744 captanda
682 3678 745 3723 non
759 3660 974 3723 mediocribus
994 3662 1140 3735 obiectis,
1157 3684 1216 3725 nec
1262 3714 1264 3719 .

93 3764 217 3827 semitis
234 3785 297 3849 quo
310 3765 481 3849 pervenire
496 3752 640 3829 volumus
655 3765 747 3839 tritis,
771 3766 928 3830 benevole
947 3765 1025 3827 mihi
1041 3766 1217 3851 ignoscant.

173 3868 323 3953 Vestigia
338 3868 467 3955 quidem
488 3887 581 3932 sanae
603 3869 820 3956 eloquentiae,
845 3891 916 3933 cum
932 3871 1034 3934 oratio
1056 3871 1094 3932 ab
1116 3871 1217 3934 homi

93 3973 188 4038 nibus
198 3991 263 4035 non
280 3974 460 4071 voluptate,
484 3973 542 4036 sed
559 3975 750 4039 necessitate
764 3976 868 4039 ductis
885 3973 1092 4048 adhibeatur,
1117 3977 1218 4060 prima

92 4073 155 4143 iam
169 4058 367 4141 Graecorum
388 4077 550 4142 exstitisse
566 4095 686 4156 aetate,
710 4082 761 4144 vel
780 4102 820 4144 ex
834 4072 968 4144 Homeri
994 4079 1120 4164 quidam
1140 4103 1217 4163 poe-

92 4182 186 4247 matis
212 4196 360 4246 censure
383 4185 553 4248 commenti
583 4200 670 4258 sunt,
701 4186 798 4247 immo
823 4185 884 4250 iam
907 4199 979 4248 ante
1005 4185 1216 4263 Palamedem,

91 4285 287 4353 Phoenicem
300 4288 380 4355 alios
394 4290 493 4357 inisse
508 4289 613 4355 claros
635 4304 798 4365 oratores,
822 4311 903 4377 quos
925 4288 1046 4358 oblivio
1064 4291 1220 4358 ademerit
