2610 4634
565 193 780 255 ..64-

116 361 150 431 έκ
162 357 233 436 τῶν
250 358 451 431 κινδύνων
413 389 474 445 νρυ
468 356 672 432 έσασθαιι
642 355 681 450 ἦν
674 363 740 430 νδὲ
758 358 828 427 τιῖν
821 340 1148 445 νοῖπεσταλαένων
1123 373 1240 443 αρχο-

109 465 477 597 ,πρεσβευτηςλ
403 473 488 535 ΓΟΙ·
493 474 597 533 HAS
622 461 641 535 o‘
664 459 834 534 ῬΗΓΩΡ
859 451 1080 544 δεινότιτι
1097 438 1236 539 λόχου

116 569 222 639 πολυ
253 571 449 655 προέχων
480 569 666 640 πάσσων
681 570 762 636 σοῖν
791 557 882 634 καθ’
911 560 1080 630 ἑαυτὸν.
1113 544 1240 641 οὗτος

117 678 188 742 κατ’
218 675 365 760 τέχνας
399 674 631 762 ῥητορικὰς
660 674 826 759 πρῶτος
857 665 1013 751 ἔξευρε
1042 687 1147 745 ουτος
1177 686 1243 732 ουν

117 775 328 869 καταντήσας
341 783 387 858 εἷς
402 779 464 858 τοὶς
477 774 627 867 Ἀθήνας
641 806 693 844 κσι
691 773 951 858 πασιαχθεὶςεῖς
969 769 1031 839 τὸν
1046 767 1157 857 δῆνιον
1172 770 1241 843 das·-

117 882 217 971 λέχθη
248 892 319 962 τοῖς
332 879 530 971 Ἀθηναίοις
557 889 632 969 περὶ
656 881 723 960 -τιές
745 882 935 964 (ναυμαχίας
959 879 1027 943 καὶ
1062 869 1118 961 aql
1138 872 1244 954 ξενί-

120 990 237 1071 ζοντι
284 986 356 1076 τῆς
392 984 547 1077 λήξεως
588 986 783 1072 ἐξέπληξε
832 981 932 1062 τούς
977 975 1245 1067 Ἀθηναίους

118 1088 247 1173 ὄντας
290 1087 472 1178 ειῖηιυεῒς
519 1097 587 1158 κατ’
639 1084 912 1179 ηνιλολύχους.
951 1082 1244 1170 διαφέρουσιν

121 1179 1245 1279 αντιθετοιςκαιιυοκαλυιςκαιπαρισοιςκαιυαοιο

24 1356 29 1363 .
121 1297 341 1389 τελεύτοις
380 1305 449 1369 κατ’
478 1326 595 1369 τισιν
627 1296 791 1381 ἑτέροις
825 1289 1054 1371 τοιούτοις
1088 1316 1111 1357 α
1144 1282 1247 1358 τότε

118 1400 192 1491 μὲν
223 1404 294 1475 δια
326 1404 372 1474 τὸ
404 1405 525 1488 ξένον
546 1399 895 1492 τηςκατασκευῆς
918 1391 1138 1484 οἶποιλοχῆς
1161 1384 1247 1483 ἦξε·

122 1505 235 1589 οὖτα,
262 1506 337 1580 vair
359 1511 402 1578 δὲ
423 1510 695 1598 περιέργειαν
720 1507 834 1592 ἔχειν
854 1507 971 1573 δοκεῖ
999 1528 1070 1568 και
1100 1501 1248 1586 φαίνε-

98 1619 193 1681 ’ται
235 1613 560 1702 καταγέλαστον
604 1607 835 1690 πλεονάκις
882 1611 952 1675 καὶ
996 1599 1249 1688 κατακόρως

121 1718 362 1805 τιθέμενον·
385 1719 479 1798 τέλος
495 1721 614 1798 πείσας
629 1715 710 1797 τούς
720 1710 927 1805 Ἀθηναίους
943 1704 1166 1797 συμμαχῆσαι
1180 1712 1251 1784 τοῖς

122 1825 326 1903 Λεοντίνοις
346 1849 485 1909 ουτοςι
487 1825 535 1892 riv
559 1818 876 1906 θαυμασθεὶς
862 1844 905 1887 εν
932 1821 1026 1894 ταῖς
1044 1805 1251 1902 Ἀθήναις

123 1924 193 1993 ἐπι
213 1954 254 1995 τε
246 1926 336 2024 ’χνη
356 1925 561 2022 ῥητορικῇ
583 1925 644 2015 τὴν
669 1925 946 2004 ειςΛεοντινους
956 1913 1171 1989 sudvodov'
1155 1937 1251 1986 εποι-

169 2056 241 2099 ατ.

122 2022 167 2118 ⁷l⁰
212 2055 301 2195 idem
316 2157 411 2216 supra
424 2135 457 2196 in
465 2135 615 2219 Prolegg.
631 2131 939 2218 adHermogenem
930 2151 993 2193 ram
1003 2127 1143 2193 vidimus
1156 2145 1251 2214 quem

127 2239 256 2300 Pro1lus
269 2254 413 2324 sequitur
425 2240 565 2324 sophista
581 2239 665 2323 apud
677 2238 861 2302 Montesalc.
876 2236 958 2298 Bibl.
974 2233 1070 2296 Coisl.
1089 2253 1166 2317 pag
1179 2237 1239 2302 595·
1223 2272 1253 2304 ι

128 2343 305 2406 aDiodoro
327 2360 432 2406 tamen
451 2345 505 2430 qui
526 2345 678 2430 Gorgiam
695 2343 825 2405 domum
842 2340 1017 2404 revertisse
1034 2350 1153 2413 narrat,
1176 2358 1253 2420 pau-

128 2447 228 2509 lulum
258 2448 443 2512 discedens:
467 2449 529 2520 adv
555 2452 593 2520 δὲ·
611 2453 793 2538 Γοργίαν
813 2447 990 2536 Ἀθηναῖοι
1012 2443 1178 2531 κατέσχον
1190 2444 1255 2528 ,καὶ

128 2553 211 2635 τούς
231 2552 365 2624 ἑαυτῶν
381 2558 510 2634 παῖδας
529 2555 699 2643 παρέσχον
719 2549 815 2642 αὐτῷ
835 2542 1106 2639 μαθησομένους.
1152 2549 1255 2635 Lega-

129 2671 197 2719 tum
226 2673 261 2720 ut
287 2658 364 2744 quid
386 2657 550 2721 effecisset
575 2659 663 2722 cives
689 2679 762 2720 suos
784 2657 853 2741 ipsc
881 2653 1200 2733 certiores'faceren
1223 2651 1257 2713 in

129 2764 264 2847 patriam
291 2764 472 2847 profectum
498 2765 593 2849 paulo
624 2778 697 2847 post
725 2762 830 2825 denuo
857 2759 997 2822 Athenas
1028 2757 1159 2823 venisse
1193 2775 1256 2818 non

130 2868 340 2952 improbabile
355 2883 412 2930 est.
1160 2855 1166 2864 .

217 2974 260 3035 At
274 2973 360 3035 idem
374 2973 510 3058 Gorgias
522 2973 638 3036 Suidac
650 2973 785 3034 Periclis
799 2971 916 3035 dicitur
928 2981 1137 3055 praeceptor,
1147 2965 1257 3029 Philo·

133 3092 248 3140 stratus
270 3099 396 3162 quoque
420 3079 572 3163 Gorgiam
597 3103 615 3140 a
628 3077 756 3139 Pericle
776 3098 851 3139 sene
875 3074 1015 3138 auditum
1034 3073 1135 3135 fuisse
1152 3071 1261 3143 tradit,

134 3204 215 3268 quae
232 3182 361 3244 minime
375 3183 565 3263 oohaerent3
588 3184 643 3246 illo
660 3184 745 3245 enim
757 3204 856 3257 anno,
869 3182 994 3265 Olymp.
1005 3178 1218 3254 LXXXVIII,
1230 3186 1259 3248 2.

134 3288 279 3349 Pericles
294 3287 358 3350 vita
377 3287 439 3349 iam
457 3287 650 3352 decesserat.
695 3286 930 3371 Wesselingius
944 3284 985 3347 ad
999 3281 1138 3347 Diodori
1152 3284 1260 3347 locum

137 3374 357 3454 difficultatem
375 3406 411 3453 ut
431 3393 560 3455 tolleret
574 3393 726 3479 Gorgiam
745 3392 808 3455 iam
825 3406 897 3455 ante
921 3388 1001 3452 illud
1021 3403 1148 3474 tempus
1161 3389 1260 3454 Athe-

137 3519 194 3559 nas
206 3496 388 3581 profectum
401 3496 503 3560 rideri
521 3498 607 3561 dicit
635 3496 819 3560 traducum
835 3496 935 3560 sensit
946 3495 1120 3559 Crcsollius
1131 3494 1260 3567 Theatr.

137 3602 315 3665 Rhetorum
330 3604 354 3676 1,
366 3607 396 3670 6.
421 3592 601 3665 subscribit
614 3602 822 3666 Rubnlaeuius
835 3600 877 3662 de
891 3600 1089 3684 Antiphonte
1099 3621 1176 3686 pag·
1188 3606 1261 3672 798.

137 3705 245 3776 meist,
278 3719 311 3767 et
338 3707 538 3771 verissimum
569 3708 631 3770 hoc
663 3726 733 3769 csse
761 3728 802 3770 cx
827 3707 898 3791 ipso
935 3705 1044 3792 colligi
1066 3704 1262 3771 Philostrato

139 3833 232 3896 pag.
208 3816 306 3883 493,
322 3811 474 3932 Gorgiam
494 3827 644 3876 narrante
658 3812 879 3876 Athenienses
903 3824 1014 3875 contra
1036 3812 1192 3875 Persas
1181 3811 1264 3875 mci-

138 3929 223 3977 tasse
239 3930 272 3977 et
284 3937 339 3978 eos
355 3917 410 4003 qui
425 3918 459 3979 in
470 3924 576 4006 pugna
588 3918 757 3981 Salaminia
773 3918 966 3983 cecidissent
980 3916 1126 3981 oratione
1134 3915 1264 3981 funebri

138 4000 327 4079 decorasse,
352 4026 432 4090 quae
462 4007 602 4092 vulgaris
634 4010 719 4067 nunc
754 4020 804 4070 est
830 4004 996 4080 sententia,
1025 4004 1111 4068 conf.
1136 4004 1263 4069 Fabric.
1279 4012 1285 4027 ”

138 4120 215 4171 tom.
234 4110 275 4211 ΙΙ.Ι
264 4129 356 4194 p.ag.
373 4115 447 4179 746
464 4113 552 4183 Harl
599 4109 665 4173 Sed
682 4109 774 4194 prius
794 4111 874 4175 illud
891 4109 1120 4174 Philostratnm
1134 4108 1265 4175 dubium

1131 4235 1263 4285 fimare
