2610 4634
546 182 895 271 -10s-'

127 371 272 473 Quid
284 371 406 459 igitur?
428 394 468 436 an
480 373 630 458 Lysiam'
620 396 655 436 1n
669 373 733 439 boo
746 372 875 438 dicendi
894 395 1015 462 genere
1032 379 1123 443 nullo
1149 379 1232 473 infe·

94 450 216 555 riorem
237 479 438 541 haecomnia
459 480 498 545 ab
510 477 678 543 Andocide
694 478 880 546 adversario
903 503 971 557 suo,
989 482 1077 568 quod
1091 462 1229 549 oratori

93 585 155 650 bus
179 582 310 670 quidem
324 604 389 646 uon
412 604 486 655 raro
508 583 663 647 accidisse
680 585 811 648 minime
829 582 1029 673 ignoramus
1029 600 1063 650 et
1079 588 1229 674 Dionysii

94 709 223 777 quoque
246 684 351 751 firmat
368 687 522 755 iudicium
533 685 581 769 ⁴⁸),
604 672 767 773 aooepisse
784 690 966 777 velppotius
988 691 1227 761 furatnmesse

93 792 260 856 dieamus?
282 795 356 855 Non
382 792 460 854 mihi
482 791 679 876 persuadeor
700 815 807 881 neque
827 794 954 878 Lysiam
976 815 1017 859 ex
1044 795 1226 877 Andoeide,

43 908 47 915 ’
92 919 199 984 neque
220 897 306 961 huno
330 917 371 958 ex
395 897 451 959 illo
481 885 655 980 sumpsisse
680 913 774 987 puto,
806 899 865 961 sed
890 897 1017 962 aliunde
1041 914 1244 993 utrumque,'
1279 983 1283 994 ι

93 1004 161 1068 sive
183 1023 227 1065 ex
255 1000 383 1085 seriptis
403 1000 495 1063 libris
521 1003 631 1087 quales
655 1016 731 1065 ιιιιιο
760 1004 872 1067 aetatis
893 1004 1051 1069 exstitisse
1074 1006 1226 1087 vidimus,

92 1108 161 1172 sive
194 1098 250 1169 er¹
281 1105 388 1168 schola
420 1105 632 1192 frequentato,
663 1108 716 1170 cui
743 1108 857 1192 Lysiae
895 1107 1033 1191 Tburios
1068 1112 1225 1177 transitus

91 1211 222 1275 minime
243 1210 361 1287 obstat,
382 1210 465 1272 bene
486 1211 520 1271 in
536 1212 690 1274 memoria
708 1210 890 1277 haeserunt.
935 1216 979 1289 Et
1006 1213 1033 1275 si
1054 1213 1093 1277 'in
1111 1214 1224 1281 Audo-

92 1316 173 1380 oidis
189 1317 334 1379 oratione
346 1316 439 1399 plura
450 1314 658 1400 praecedunt,
683 1316 776 1380 altius
790 1317 926 1381 fortasse
940 1331 976 1381 ut
989 1318 1114 1383 cuidam
1130 1320 1223 1385 side.

91 1436 173 1496 atur,
194 1410 306 1504 petita}
327 1419 407 1481 haec
424 1420 493 1504 ipsa
515 1440 556 1481 ex
573 1419 607 1481 id
627 1441 727 1507 genus
746 1421 864 1485 libellis
884 1443 956 1485 esse
973 1421 1136 1508 adscripta
1151 1446 1231 1491 mea.

56 1570 58 1575 >
89 1526 158 1590 fert
175 1523 339 1587 sententia.
386 1524 493 1588 Tollas
512 1524 608 1587 modo
627 1525 756 1589 nomina
776 1548 856 1612 quae
868 1526 915 1590 ibi
935 1543 1119 1605 occurrunt
1141 1552 1225 1618 quse

91 1630 132 1694 de
147 1651 204 1693 suo
218 1627 344 1692 addere
350 1628 488 1694 debebat
504 1643 611 1692 orator
632 1631 783 1715 stlocum
798 1652 869 1694 esse
880 1652 1082 1696 communem
1095 1634 1226 1700 videbis

90 1756 187 1824 quem
200 1735 240 1799 ub
254 1734 324 1797 aliis
339 1734 520 1798 oratoribus
537 1749 571 1797 et
589 1735 790 1820 eloquentiae
804 1736 963 1823 magistris
979 1735 1100 1801 dudum
1119 1739 1223 1816 fuisse

89 1861 258 1906 excussum
272 1855 365 1925 atque
379 1854 535 1915 ornatum,
550 1839 644 1904 valde
657 1839 898 1924 probabileest
920 1843 1071 1924 Inprimis
1085 1843 1174 1933 euius
1186 1845 1222 1908 iu

81 1967 83 1975 ’
88 1945 264 2032 prooemiis
279 1943 478 2029 expoliendis
492 1958 620 2010 veteres
640 1943 681 2007 ad
701 1945 940 2029 exprimendum
952 1947 1122 2013 veritatem
1136 1951 1219 2013 mul.

86 2050 190 2136 tiplici
203 2072 263 2112 usu
277 2048 453 2125 exercitati,
476 2063 597 2112 tantum
606 2050 834 2137 consumebant
848 2051 986 2114 studium
998 2065 1034 2115 ut
1047 2036 1221 2139 velposte-

86 2156 193 2220 riores
208 2153 287 2217 baeo
304 2155 338 2216 in
355 2153 468 2238 primis
491 2155 630 2230 elucere,
645 2155 849 2239 perspexisse
866 2176 931 2219 uon
949 2156 1065 2221 mirum
1087 2158 1139 2223 sit.
1163 2160 1220 2225 stc

86 2263 311 2345 Hermogenes
325 2258 365 2321 de
374 2258 472 2323 Critia
486 2281 556 2344 pag·
570 2259 727 2328 143.Ald:
750 2255 989 2349 καθαρώτερος·
999 2263 1039 2333 di
1050 2260 1113 2354 τὴν
1122 2264 1218 2349 λέξιν

85 2370 144 2436 sai
157 2352 214 2436 ὃίε
225 2361 422 2453 περιβάλλει
439 2362 639 2452 διευκρινιὸν
651 2364 898 2451 [Antiphffltem
916 2363 1003 2448 1011]
1020 2358 1108 2439 eluse
1127 2366 1220 2439 εἶναι

85 2474 144 2539 καὶ
165 2469 279 2560 σαφής
300 2464 373 2556 ἅμα
391 2469 445 2562 uqi·
463 2469 597 2558 μεγέθει
622 2475 680 2539 ιιοιὶ
703 2463 865 2562 aduente,
888 2469 956 2555 ἔχει
983 2470 1021 2540 tl
1040 2472 1220 2559 πολλαχοῦ

85 2570 315 2662 saepultura
340 2576 377 2645 ἐν
403 2583 475 2655 τοῖς
499 2578 732 2663 δημηγορικοῖς
749 2577 1005 2662 προοιμίοις
1026 2573 1067 2646 sd
1091 2569 1217 2667 ἀληθι-

86 2674 149 2751 νόν
177 2707 213 2749 τε
242 2684 299 2749 καὶ
329 2673 492 2752 πιθανόν
538 2678 628 2766 Alius
663 2676 819 2741 eiusdem·
834 2679 1050 2764 Hermogenis
1076 2679 1214 2745 illustris

84 2785 175 2848 loeus
198 2800 248 2849 est
274 2790 442 2869 pag·184
461 2782 582 2845 Ald·='
566 2810 604 2854 ev
634 2783 672 2853 δὲ
694 2811 749 2906 tp
723 2781 914 2880 διιιανιιιῇ
937 2809 1002 2868 ιιᾳν
1020 2784 1220 2874 οσιιεμμένος

83 2885 165 2987 ἥκης
197 2886 389 2979 προςποιοῦ
421 2881 570 2960 αυτόθον
593 2879 749 2977 λέγειν’
726 2909 809 2978 οπερ
838 2885 981 2959 ποιοῦσι
1015 2883 1143 2970 πάντες
1178 2892 1217 2960 οι

92 3039 454 3109 ψευδομαρτυριῶνττς
487 3033 524 3087 ab
549 3033 645 3088 aliens
674 3050 761 3089 manu
783 3032 821 3089 sit
844 3031 1006 3101 adiectum,
1026 3045 1108 3088 reete
1134 3036 1216 3091 euim

155 3123 258 3179 deest
250 3144 281 3178 ιιι
296 3123 448 3178 Andocide
461 3127 508 3178 καὶ
523 3133 590 3178 ante
597 3119 714 3184 ἄδικος
728 3119 873 3194 particula
890 3121 965 3176 male
983 3121 1087 3193 Lysiae
1111 3123 1216 3179 verbis

155 3213 299 3286 opposita.
827 3232 831 3237 ·

100 3296 146 3370 48)
165 3303 209 3356 De
227 3300 328 3371 Lysiae
347 3297 457 3355 iudicio
477 3315 545 3371 pag.
569 3305 632 3356 491.
656 3315 738 3371 seqq·
760 3296 811 3352 ubi
832 3297 893 3352 eius
913 3297 943 3351 iu
964 3296 1093 3354 exordiis
1114 3300 1213 3357 verie-

152 3399 243 3445 tatem
260 3388 402 3443 miratur·
429 3391 521 3442 καίτοι
537 3383 619 3442 τουτό
639 3405 673 3457 γε
697 3391 740 3448 [ut
772 3383 875 3438 eadem
900 3385 1012 3459 ubique
1042 3385 1213 3451 decantent]

125 3484 198 3533 ἰιιιὶ
218 3481 246 3534 οἱ
268 3497 332 3540 τους
351 3474 464 3548 ὀλίγους
484 3473 646 3548 γράψαντας
669 3472 844 3543 εὑρίσκονται
871 3473 1051 3537 πεπονθότες.
1080 3477 1152 3548 λέγω
1169 3480 1214 3536 ,δὲ

151 3564 256 3629 τὰτοτς
276 3563 370 3630 αὐτοῖς
392 3563 553 3634 ἐπιβάλλειν
572 3562 678 3627 τόποις.
700 3562 736 3617 ἐι]
758 3558 813 3634 γὰρ
834 3558 878 3616 ὅτι
898 3567 944 3616 ιιιιὶ
964 3559 997 3617 τοὶ
1021 3561 1086 3638 παρ’
1106 3563 1226 3635 ἑτέροις·

151 3657 283 3728 εἰρημένα
302 3652 489 3728 λαμβάνοντες
506 3650 606 3726 ὀλίγον
620 3652 684 3706 δεῖν
705 3648 806 3714 πάντες
828 3657 869 3712 [at
880 3650 929 3703 vix
945 3667 1013 3705 suae
1027 3651 1141 3717 aetatis,
1161 3653 1217 3711 sed

153 3761 188 3798 ex
211 3743 247 3798 iis
267 3741 317 3816 qui
335 3742 418 3797 anuis
441 3742 534 3797 multo
558 3736 758 3813 praecedunt,
782 3750 815 3794 ut
834 3737 994 3793 Aeschines
1027 3738 1213 3796 Andocidem

153 3831 329 3904 exscripsit]
348 3827 399 3886 οὐκ
418 3828 450 3886 ἐν
471 3827 589 3904 αἰσχύνῃ
614 3833 740 3882 τίθενται
764 3823 795 3882 sd
813 3828 905 3900 ἔργον.
922 3825 1020 3883 οὑτοσὶ
1033 3829 1067 3884 δὲ
1084 3826 1214 3894 ιιιιινόςιῗ
1233 3899 1238 3907 .

152 3919 249 3994 ῥήτωρ.
269 3919 329 3976 ἐστὶ
346 3916 410 3974 καθ’
420 3918 536 3975 ἕκαστον
550 3921 605 3973 τῶν
617 3913 718 3988 λόγων.
756 3913 816 3970 Sed
832 3913 936 3970 eudem
950 3916 1096 3988 prooemii
1116 3917 1211 3973 verbs

151 4027 227 4083 quae
255 4009 287 4061 in
316 4006 452 4062 oratione
473 4004 512 4062 'de
540 4002 745 4077 Aristophanis
770 4002 876 4076 opibus
911 4003 1066 4076 legunturs
1085 4001 1134 4074 sir
1158 4009 1215 4079 μὲν
1238 4032 1248 4045 s

150 4093 335 4170 respuerem
356 4116 382 4150 ιι.
399 4116 423 4151 τ.
438 4097 462 4150 l..
476 4094 555 4150 idem
566 4092 665 4149 Lusias
682 4090 821 4170 repetiit
823 4089 855 4146 iu
869 4090 1004 4147 oratioue
1026 4087 1096 4167 προς
1108 4096 1214 4153 Νικίαν

72 4220 79 4243 ι
152 4185 231 4260 spud
250 4185 394 4242 Clement.
418 4182 577 4239 Alexandr.
602 4176 788 4236 emendatum
805 4162 980 4234 liubulsenio
1005 4178 1116 4238 Hister.
1142 4182 1212 4240 erit·

150 4293 217 4352 pag·
209 4275 295 4343 .tt1.;
317 4291 353 4330 es
364 4272 449 4344 Lysis
460 4288 534 4364 vero
547 4267 703 4366 sumpsisse
717 4244 845 4363 videtur
850 4258 1021 4324 Δοιοὶιίιιοι.
