2610 4634
574 277 813 342 -116ψ

40 438 42 445 ’
125 447 277 507 ¹Pollucis
302 445 421 513 iudicio
443 445 470 507 si
492 446 554 509 hoc
575 449 643 510 vult
660 470 724 509 non
742 467 812 511 esse
826 448 879 510 vel
893 447 998 510 rideri
1012 445 1157 531 ciusdem
1173 446 1262 508 Anti-

134 549 263 633 phontis
284 550 349 635 qui·
362 550 462 612 libros
484 555 560 638 περὶ
586 545 749 642 dimittier
770 551 927 631 ediderit3
951 565 983 613 at
1004 542 1174 615 confundit
1192 572 1262 613 ora-

137 669 240 717 torem
253 675 324 717 cum
342 668 544 738 teratoscopo
565 655 655 717 cuius
676 677 748 719 esse
761 657 826 720 'illa
844 657 1006 721 volumina
1020 654 1163 719 omnium
1180 676 1262 746 con-

137 774 221 859 stans
238 775 287 822 est
302 773 448 824 veterum
461 780 652 836 consensus,
669 758 729 846 ¹qui
747 776 900 849 quantum
913 746 1090 839 distiterint
1106 760 1146 823 ah
1160 761 1262 823 nostri

137 865 334 927 orationibus
358 868 591 950 'Hermogenes
623 865 787 929 tradidit„
810 871 882 928 Non
911 866 1017 929 minus
1044 867 1163 927 mirum
1187 867 1262 927 Pol-

136 971 241 1031 lucem
259 972 423 1054 prooemia
447 971 551 1033 omnia
571 991 640 1031 esse
652 968 890 1046 Demosthenis,
912 984 947 1032 ut
966 968 1103 1046 videtur,
1116 985 1246 1054 putasse
1253 994 1263 1050 3

138 1095 235 1161 quare
249 1095 320 1136 oum
342 1084 452 1160 aperta
466 1075 559 1137 nohis
575 1074 680 1137 desint
698 1091 882 1160 argumenta
904 1075 1018 1160 quibus
1036 1076 1262 1159 suppositicios

135 1178 195 1243 hos
222 1181 322 1242 libros
345 1201 529 1242 censeamus
561 1199 622 1241 neo
647 1180 685 1241 ab
708 1181 913 1264 Antiphontis
943 1180 1066 1243 ratione
1089 1195 1263 1263 praecepta

56 1346 58 1350 1
136 1286 317 1348 huiusmodi
340 1286 516 1370 conquisita
535 1284 735 1359 abhorreant,
758 1285 931 1368 Dionysius
951 1305 1077 1368 quoque
1094 1306 1169 1370 pag.
1189 1294 1261 1352 722.

92 1466 96 1471 Ι
136 1392 210 1454 talia
239 1391 375 1452 oratoris
401 1390 503 1460 nostri
538 1405 702 1474 agnoscat,
736 1392 850 1452 Pollux
877 1389 1015 1474 denique
1042 1390 1113 1472 ipse
1149 1389 1263 1452 dubius

138 1518 225 1558 suam
250 1495 395 1578 proferat
414 1495 616 1587 sententiam,
641 1497 708 1557 eius
728 1495 890 1558 iudicium
917 1494 1105 1580 ceteroquin
1133 1494 1262 1555 minime

72 1667 74 1672 y
137 1599 363 1685 negligendum
385 1615 590 1662 transeamus.

223 1706 302 1767 Erat
328 1719 432 1767 autem
454 1705 619 1786 Antiphon
637 1705 757 1789 sagacis
775 1705 890 1765 mentis
916 1727 979 1788 qua
1001 1672 1146 1767 difficilia
1167 1725 1262 1788 quae-

138 1831 199 1895 que
213 1810 309 1871 facile
328 1808 503 1891 expediret,
528 1823 561 1871 et
582 1812 680 1871 multa
699 1809 811 1871 doctus
830 1805 1110 1892 exercitatione⁵³>
1130 1824 1167 1871 ut
1187 1809 1261 1871 rhe-

135 1917 255 1976 torices
274 1909 417 1976 natur‘am
432 1935 504 1975 eum
518 1914 620 1997 probe
633 1915 837 2003 perspexisse
857 1928 950 1999 atque
969 1913 1029 1977 hos
1040 1913 1143 1976 libros
1160 1915 1261 1998 pluri-

89 2068 92 2073 .
137 2020 197 2079 mis
227 2034 258 2082 ct
279 2020 454 2081 utilissimis
482 2019 579 2080 rebus
608 2002 746 2081 refertos
776 2019 875 2080 fuisse
900 2019 994 2087 facile
1021 2033 1207 2102 exspectem
1231 2033 1262 2080 et

137 2144 211 2185 sane
224 2125 276 2187 vel
291 2125 476 2185 tenuissima
494 2124 628 2208 vestigia
641 2123 717 2184 inde
736 2138 860 2187 servata
878 2123 939 2186 hoc
953 2105 1084 2186 firmant.
1096 2121 1260 2186 iudicium.

136 2232 215 2291 Nam
235 2231 269 2290 in
297 2228 347 2290 his
372 2229 412 2290 de
432 2229 752 2313 verborumss'genere
780 2242 812 2290 et
833 2250 989 2292 novorum
1012 2243 1044 2290 et
1071 2250 1132 2289 usu
1160 2230 1261 2292 sanci-

135 2348 240 2396 torum
257 2333 407 2396 disseruit
421 2335 522 2395 multa
537 2347 572 2395 ut
592 2335 644 2396 vel
664 2333 704 2394 ad
720 2335 947 2417 grammaticen
965 2355 1037 2395 eum
1052 2324 1260 2396 descendisse

135 2439 246 2502 credas
274 2462 312 2501 en
334 2439 384 2500 his
411 2439 524 2516 Galeni
544 2438 652 2502 verbis
672 2437 706 2497 in
728 2438 914 2522 Hippocrat.
938 2440 1070 2523 glossar.
1086 2433 1118 2523 ⁵⁴)

266 2542 321 2614 ὅτι
353 2547 388 2613 δὲ
415 2548 472 2612 καὶ
495 2539 600 2623 atinde
622 2541 761 2622 ἕκαστος
786 2531 870 2639 τῷν.
885 2539 1088 2632 παραλόγως
1113 2537 1262 2628 ἐχόντων

264 2649 329 2733 ἕξει
353 2644 397 2718 ov’
416 2657 529 2722 ποιεῖν
550 2642 708 2732 dudem
722 2646 825 2714 καινιὶ
846 2651 945 2738 δηλοῖ
962 2649 1025 2734 μὲν
1048 2652 1105 2717 καὶ
1121 2642 1262 2720 ’ANTI-

265 2750 503 2833 ΦΩΝνῖκανῶς
521 2745 596 2840 ὅςγε
611 2750 704 2834 ὅπως
726 2747 815 2822 αὐτοὶ
834 2748 1218 2843 ποιητέονέκδιδάσκει.

98 2861 102 2867 ’
132 2858 279 2943 inprimis
299 2876 379 2922 vero
412 2877 520 2919 curam
540 2870 573 2918 et
594 2858 856 2920 exercitationem
881 2856 1001 2930 oratori
1024 2856 1261 2920 commendavit

133 2987 192 3047 qua
224 2961 264 3024 de
293 2984 330 3022 re
360 2960 575 3022 memorabilis
605 2977 748 3026 seruatus
774 2976 824 3024 est
851 2961 941 3023 loeus
971 2957 1055 3045 apud
1077 2962 1259 3047 Longinum

51 3150 65 3173 X
133 3068 244 3151 [vulgo
260 3066 430 3149 Apsinem]
443 3089 545 3151 pag
537 3060 699 3136 719.1Ald.

245 3184 447 3279 Δπιερόεντᾶ
475 3188 560 3277 γοῦν
589 3191 624 3258 οἱ
637 3195 788 3280 ποιηταὶ
820 3212 862 3258 να
855 3187 955 3281 ἔπη
976 3191 1033 3255 και
1053 3187 1096 3256 coi
1110 3185 1260 3281 priuata

261 3295 359 3380 la'yot
362 3319 418 3364 σιν
431 3289 484 3364 ὅτι
497 3302 569 3374 τοῖς
582 3288 643 3367 οὐκ
657 3292 762 3383 dnos}
773 3296 851 3380 ἐχομ
842 3284 1212 3387 ιένοιςᾷναστάντα’
1169 3319 1259 3375 nere·

261 3427 335 3474 ται,
360 3401 544 3469 αἰνίττεται
570 3401 636 3468 δὲ
627 3429 683 3469 και
677 3394 1007 3487 ὅκατατετρῆσῧαι
1027 3394 1140 3467 δοκῶν
1158 3401 1259 3477 πίθος

262 3508 318 3573 καὶ
339 3502 377 3572 τό
398 3504 434 3573 ἓν
448 3497 546 3588 ,ᾅδου
561 3499 718 3574 κόσκινον
735 3497 790 3573 ὅτι
815 3499 919 3591 μηδὲν
934 3502 1060 3588 στέγειν
1076 3497 1258 3587 δυνάμεθα

260 3609 329 3676 τῶν
348 3612 394 3688 εἷς
412 3608 475 3698 τήν
499 3607 616 3698 ψυχήν
638 3603 828 3689 sinimur,
852 3601 924 3675 ἄλλ’
948 3599 1140 3694 ἇπόῤῥητόν
1167 3609 1258 3679 ἐστιν

263 3708 401 3781 ἄνωθεν
424 3706 534 3797 ὥσπερ
549 3703 948 3801 deototoutdcovordst
967 3708 1255 3799 δεῖνὸἐπειςρέον

264 3813 363 3890 εἶναι,
386 3810 622 3901 ΛΝΤΙΦΩΝ
632 3843 668 3883 τε
693 3817 745 3884 ἐν
742 3824 828 3896 ταῖς
851 3816 1042 3904 (incorrectis
1065 3814 1257 3900 viveres*
1219 3843 1257 3885 το

261 3921 335 4006 μὲν
369 3919 419 3987 col
458 3915 656 4006 παρόντα
695 3920 762 4010 ἔφη
797 3924 869 3987 καὶ
904 3911 1156 4005 νπᾶρχοντα
1190 3923 1257 3989 καί

148 4066 188 4134 53)
207 4065 255 4119 Ἐν
279 4080 335 4128 ιοις
354 4065 470 4138 rinocore
492 4061 613 4136 τεχνικός
633 4064 763 4120 Caecilio
790 4062 910 4165 auctorit
923 4062 1017 4197 apud
1037 4054 1173 4139 Pseudo
1179 4068 1255 4122 rtut

198 4172 262 4226 pag.
277 4161 338 4210 222.
357 4156 477 4208 llutten.
679 4160 682 4165 '
716 4160 719 4165 '

146 4243 295 4310 )50.οιιΐ
315 4242 468 4296 Ruhnken
491 4241 527 4296 ds
548 4241 729 4318 Antiphonte
748 4260 816 4327 pag
804 4250 897 4309 801,
916 4184 1257 4303 ratric.ntb1.oneca

195 4342 267 4385 ιοιη.
283 4333 322 4387 Η.
336 4346 405 4404 pag
421 4332 578 4390 retusi-1.
976 4366 979 4371 -

923 4492 926 4499 '
972 4486 982 4515 Χ
