2610 4634
537 187 776 252 ...22οω

157 382 251 445 γεται
274 351 296 428 5
318 351 452 438 σκοπός.
477 357 601 439 οκοιτδς
628 348 750 430 ιτ““οίνυν
777 355 870 434 ἐστίν
898 350 995 448 αι’τιό
1022 358 1100 445 περὶ
1137 375 1222 443 προ-

157 455 286 542 τάσεως
306 459 446 547 γενικῶν
466 456 724 549 προβλημάτων.
748 460 788 533 τό
811 462 856 532 δέ
870 456 1037 552 χρήσιμον
1062 457 1223 531 ἐντεῦθεν

158 566 365 654 σκοινητέον,
383 563 442 656 τῆς
469 564 643 659 ῥητορικῆς
671 565 713 637 τὰ
739 566 801 654 μέν
831 566 925 637 ἐστιν
951 562 1160 654 έξηγητικδν,
1181 564 1221 635 τὸ

159 670 216 743 55
229 668 387 741 λεκτικόν.
424 664 605 755 ου’δέτερον
639 663 705 742 οὖν
732 664 868 743 τούτων
896 669 1042 742 νλδέναι,
1066 667 1221 741 δυνατδν
1272 734 1275 738 ,

114 780 134 842 5
158 764 315 865 ’τίμτίητον
336 773 423 846 ὅντα
444 776 508 848 τοῦ
528 770 701 862 παρόντος
721 769 989 865 συγγράμματος
1013 776 1137 844 διελεῖν
1160 773 1223 859 μὲν

157 872 260 968 λόγον
283 873 428 968 άρχαῖον
447 885 557 1012 χωρίς.
570 882 693 1004 τέχνης.
705 873 894 954 άδόνατον,
914 881 1023 951 εἰπεῖν
1045 877 1083 949 δέ
1096 905 1129 948 τι
1147 905 1223 947 και-

43 1044 92 1113 .
159 977 300 1068 κότερον
321 986 356 1056 έν
376 983 437 1076 της
468 985 584 1076 τέχνης
601 979 718 1055 πάλιν
750 975 936 1056 άδόνατον.
958 986 1047 1073 Περὶ
1074 983 1130 1051 δέ
1140 1006 1221 1071 σογ-

89 1088 315 1175 γραφέως
345 1091 381 1159 05
407 1090 469 1176 μέν
492 1090 649 1220 λέγουσιν
661 1081 860 1179 Ἑρμογένην
878 1086 941 1163 τόν
964 1079 1205 1181 συγγραφέα
1177 1114 1223 1168 ως

160 1187 500 1280 Φιλόστρατος’
486 1203 613 1280 ιστορεῖ
633 1193 670 1264 έν
690 1202 763 1275 τοῖς
783 1195 946 1285 βιβλίοις
952 1192 1022 1285 τῶν
1042 1191 1223 1281 σοφιστῶν

96 1299 138 1363 10
159 1298 217 1366 καί
239 1300 363 1423 φησίν
368 1292 479 1370 αδτδν
499 1292 661 1388 γεγονότα
676 1293 819 1389 φάσεως
846 1282 992 1391 δυνάμει
1013 1290 1224 1386 χρησάμενος

160 1401 216 1471 έσλ
236 1398 276 1470 τό
299 1396 446 1492 γράφειν
468 1402 677 1493 ἐληλυθέναι,
700 1405 757 1470 καί
776 1402 858 1496 νέον
878 1397 993 1495 μέν”
969 1426 1074 1474 οντα
1085 1400 1145 1470 διαί
1183 1398 1223 1471 τό

157 1497 353 1594 ευφυὲςείς
373 1504 499 1595 γνῶσιν
520 1507 654 1597 Μακρηῖ
676 1472 886 1599 καταδτῆναι
904 1501 963 1599 ’τηῖ
992 1508 1144 1595 βασιλεῖ,
1176 1508 1224 1586 τίς

122 1608 129 1614 ’
159 1603 517 1736 5555595555551155
538 1609 601 1703 την
621 1602 691 1697 τῶν
711 1605 823 1698 λόγων
854 1605 1008 1698 δύναμιν
1038 1603 1226 1698 οἷποβαλείν

85 1739 88 1744 ·
160 1705 217 1782 δυ’
239 1705 403 1800 ου’δτμιάς
426 1710 541 1792 νόσου,
561 1741 612 1801 ως
634 1715 672 1785 δέ
692 1740 783 1801 τινες
804 1713 867 1806 την
888 1718 1005 1802 αἰτίαν
1030 1709 1225 1802 βούλονται

96 1819 141 1885 15
159 1817 267 1905 λέγειν
297 1811 456 1949 φασίν’
424 1845 488 1896 οτι
519 1819 581 1909 ιέηι
608 1822 670 1905 μέν
698 1815 774 1890 ὄντι
801 1818 840 1890 τό
871 1818 978 1908 θερ
949 1846 1003 1895 ιον
1029 1812 1224 1890 πλεονάσαν

162 1918 334 2012 τοσαύτην
356 1923 526 2012 ἐνεποίησε
548 1927 625 2008 περὶ
645 1922 728 2004 τοδς
749 1918 872 2014 λόγους
901 1919 1056 2009 λοχδν,’
1040 1927 1097 1994 em*
1122 1920 1227 2014 γῆρας

164 2019 246 2096 55'
223 2053 340 2116 ηκοιτι
362 2026 402 2097 τὸ
425 2027 555 2116 θερμὸν
582 2021 797 2114 α’ττοοβεσθὲν
825 2031 956 2099 συνεῖλε
983 2026 1067 2109 τους
1091 2023 1224 2116 λόγους,

163 2122 265 2199 καὶ
243 2157 285 2220 ην
314 2130 473 2204 έντεόθεν
499 2125 797 2222 εδκαταφρόνητος
825 2122 973 2213 ὅθενΙ
938 2158 978 2225 οιι
997 2131 1126 2204 τοάτον
1152 2136 1227 2207 ἐπι-

163 2231 325 2322 τοθάζειν
346 2232 551 2324 βουλόμενοι
573 2238 716 2327 γέροντα
735 2239 798 2325 μέν
819 2237 856 2307 ἐν
880 2237 969 2329 νέοις
999 2231 1158 2314 ἐκάλουν,
1188 2238 1226 2308 ἐν

98 2346 142 2407 20
164 2342 202 2410 δὲ
229 2335 433 2430 γηράσκουσι
464 2349 583 2421 παῖδα.
618 2348 676 2412 καί
708 2333 769 2413 ότι.
792 2336 919 2413 τούτου
941 2345 1053 2430 φασίν
1073 2345 1161 2415 εἶναι
1185 2343 1225 2414 τδ

164 2440 328 2570 σόγγραμ
329 2472 374 2520 ια,
396 2451 512 2546 πίστιν
533 2448 705 2519 ἐντιθέασι
727 2441 858 2534 ταύτην
880 2438 931 2527 τίς
952 2443 1140 2577 πεποίηται
1164 2448 1226 2534 μὲν

90 2619 93 2623 .
165 2542 262 2640 αδτιῖ
290 2543 312 2620 5
343 2555 421 2639 περί
452 2550 561 2626 ίδεάν,
596 2552 639 2648 τῆ
671 2551 699 2621 δ’
733 2545 824 2650 αότῇ
856 2550 1078 2641 ἐπαγγελίᾳ
1063 2546 1228 2640 εγρήσοιτο

167 2650 230 2725 ιῦν
249 2661 310 2723 ’καί
330 2652 496 2734 ένταυθα,
519 2650 612 2747 ἡμεῖς
634 2657 718 2727 55
691 2659 759 2726 είτε
780 2679 907 2727 τουτου
931 2654 1040 2736 ἐστίν,
1068 2654 1174 2725 είθ’
1157 2656 1228 2728 ετέ-

165 2787 228 2844 ρου
253 2753 300 2840 τίς
321 2767 410 2849 φασί
432 2762 530 2843 τινές,
551 2762 658 2852 μηδὲν
678 2759 737 2852 της
758 2761 980 2849 προςηγορίας
1004 2760 1231 2844 διενεχθέντες

102 2871 149 2934 25
168 2857 214 2945 τίς
222 2860 405 2988 χρήσιμον
438 2868 478 2938 τδ
507 2862 706 2956 σύγγραμμα
735 2858 912 2950 δεχόμεθα.
943 2857 1189 2936 άκόλουθον’
1174 2868 1231 2936 επὶ

76 2972 79 2983 “
167 2963 305 3050 τούτοις
326 2975 403 3056 περί
424 2965 552 3055 τάξεως
572 2996 635 3041 του
664 2971 802 3054 βιβλίου
833 2972 1013 3055 διαλαβεῖν
1039 2972 1097 3038 καί
1123 2967 1233 3071 δῆλον

169 3076 226 3152 ὅτι
246 3079 476 3215 προςηκορίοης
497 3083 651 3169 *λίτογε
671 3075 806 3166 τάξεως.
829 3077 935 3172 γγάρ
962 3078 1075 3153 είσι
1056 3087 1234 3202 ρητορικαί

170 3182 213 3269 559
232 3191 289 3288 καλ
313 3182 418 3311 αηίτδς
437 3180 634 3321 Ἑρμογένης
660 3182 901 3277 συνεγράψατο
931 3179 955 3278 5
980 3213 1017 3257 τε
1045 3185 1117 3257 τῶν
1145 3213 1232 3277 προ-

167 3284 420 3380 γυμνασμάτων
441 3298 499 3362 καλ
521 3288 542 3386 5
563 3291 727 3382 παροῦσα
746 3288 817 3363 τῶν
834 3286 991 3365 στάσεων
1012 3293 1070 3359 καί
1101 3282 1124 3383 5
1156 3296 1235 3380 περὶ

103 3407 148 3469 30
168 3398 238 3471 τῶν
261 3398 370 3468 ίδειδν.
399 3403 430 3468 ελ
456 3400 517 3484 μέν
546 3390 612 3469 οὖν
640 3397 760 3469 λκανδν
785 3387 830 3486 ἦν
856 3387 965 3479 εδθδς
978 3388 1078 3483 έξ’
1053 3395 1156 3486 αρχῆς
1184 3425 1232 3486 τφ

168 3507 246 3593 περὶ
274 3498 427 3595 στάσεων
456 3504 647 3596 ἐγχειρῆσαι
658 3504 805 3593 βιβλίῳ,
834 3491 1054 3588 εὔδαιμον
1032 3526 1084 3592 ην.
1105 3498 1233 3589 ,ἐπειδὴ

170 3609 208 3678 δὲ
229 3607 300 3677 τῶν
321 3600 519 3696 άνθροίιιοιν
540 3604 646 3696 φάσις
672 3602 718 3679 ου’
744 3607 893 3696 πέφυκεν
918 3598 1048 3686 εδθίως
1077 3602 1148 3675 τῶν
1174 3631 1234 3692 με·

168 3708 284 3801 γάλων
306 3706 521 3799 αντιλαμβαι
521 3722 634 3791 εσθαι,
657 3707 744 3784 άλλά
775 3711 817 3802 55
846 3705 1014 3801 πρότερον
1043 3718 1120 3791 τοῖς
1145 3717 1235 3798 βρα-

171 3817 263 3903 χέοιν
285 3817 340 3904 έζν
330 3813 450 3913 ’τησαν
471 3810 583 3901 οὕτως
604 3820 658 3888 έπί
679 3816 719 3889 τδ
741 3822 859 3905 μεῖζον
886 3815 1008 3885 ἐλθεῖν.
1041 3807 1236 3903 άναγκαίως

105 3927 148 3990 35
171 3950 206 3994 οι
197 3919 449 4012 παλαιότεροι
471 3923 541 3991 τών
569 3919 745 4012 σοφιστῶν
771 3914 1064 4010 προγυμνάσματα
1095 3915 1236 4008 πρῶτον

171 4034 405 4122 ἐδίδαξαν,
372 4063 445 4107 ιιτα
479 4035 565 4106 κατά
595 4045 620 4124 β
647 4024 749 4120 τάξιν
776 4032 845 4115 τάς
868 4028 1004 4120 στάσεις
1032 4033 1089 4103 καί
1116 4031 1236 4121 τριτδν

106 4145 420 4162 m

176 4195 262 4248 Vera
281 4200 311 4250 9.
327 4193 389 4249 vid.
402 4190 540 4251 Philostr.
531 4209 620 4275 ‚paffl
612 4190 799 4257 ,577θίσιη

121 4280 151 4358 *5
170 4282 233 4340 Fol-
250 4288 311 4351 555·
331 4300 358 4346 ε,

471 4446 489 4485 *³
514 4462 555 4515 σι
