2610 4634
552 225 790 368 --imw⁴

89 449 178 509 esset
198 431 282 494 liber
308 432 404 518 paulo
426 432 555 518 quidem
577 433 815 506 vehementius,
839 445 874 493 nt
894 420 1031 505 iidctur,
1055 434 1097 523 in¹
1111 434 1218 494 Philo-

92 538 230 622 sophum
259 537 299 599 ad
327 537 453 619 Lysiam
486 537 589 620 ipsum
614 537 684 599 fere
713 538 854 599 Siculum
871 535 1112 599 defendendum
1147 530 1222 599 con-

89 640 227 728 scriptus
240 639 297 724 ⁶⁰),
320 641 425 703 omnia
441 640 527 703 haud
550 640 646 703 dubie
667 663 748 726 quac
764 642 858 703 nobis
878 640 912 702 in
929 643 1033 707 animo
1071 658 1132 705 est·
1147 626 1239 727 pro-¹

86 751 187 824 ferre,
210 747 273 809 iam
287 759 441 829 occupata
457 745 682 821 inveniremus,
705 768 790 817 nunc
810 768 888 810 vero
907 761 975 809 acta
991 747 1096 809 denuo
1109 769 1215 833 agere,

90 853 216 917 etiamsi
229 873 295 936 non
308 836 422 912 eodem
442 850 531 912 felici
545 872 704 927 successu,
728 872 767 914 eo
782 853 887 914 nunus
906 853 1018 914 inutile
1033 850 1224 916 arbitramur

91 940 163 1023 csse
189 954 277 1043 quod
296 955 422 1039 Lysiam
444 956 587 1018 Platonis
608 958 686 1018 moti
706 958 893 1045 auctoritate
918 956 1030 1041 grandi
1051 956 1221 1040 despicere

90 1067 197 1129 solent
225 1061 405 1146 supercilio.
450 1060 502 1121 Ad
532 1061 714 1123 amatoriam
744 1061 830 1149 quod
859 1062 999 1144 pertinet
1029 1063 1220 1141 orationem,¹

90 1171 208 1232 mirum
222 1186 298 1229 sane
315 1186 374 1228 cur
385 1166 560 1243 Platotam
577 1188 708 1249 parvam
723 1180 756 1227 ct
774 1184 873 1250 quam
883 1165 992 1228 dicunt
1006 1167 1104 1230 rilem
1125 1182 1220 1252 atque

89 1272 244 1336 humilem
260 1269 498 1344 oratiunculam,
523 1291 594 1332 eum
609 1272 687 1333 aliac
706 1271 818 1354 Lysiae
835 1271 995 1354 supersint
1015 1273 1164 1356 egregiae
1187 1287 1221 1335 ct
1283 1316 1286 1321 ,

90 1390 291 1462 praestantes
322 1374 409 1435 omni
443 1375 626 1458 superiores
657 1375 750 1460 laude
779 1376 959 1451 orationes,
994 1376 1028 1438 in
1060 1356 1220 1461 dialogum

93 1504 185 1544 suum
209 1478 418 1564 suscepisset,
447 1480 567 1541 nemini
593 1494 629 1541 ut
651 1479 844 1565 disquireret
864 1483 897 1543 in
919 1495 1059 1542 mentem
1080 1483 1218 1557 venisse,

92 1585 180 1674 quod
203 1585 401 1669 perscrutari
428 1584 565 1648 sortasse
587 1607 628 1646 ne
653 1606 769 1669 operae
795 1584 924 1669 quidem
951 1586 1056 1668 pretio
1086 1587 1218 1672 dignum

92 1690 322 1755 existimarunt.
367 1692 435 1751 Nec
448 1713 539 1775 parri
530 1689 633 1752 haec
651 1704 700 1752 est
715 1690 858 1813 quaestio
872 1690 1042 1768 momenti3
1066 1690 1107 1752 de
1127 1692 1219 1754 indu-

92 1795 170 1859 stria
205 1794 291 1856 enim
304 1794 471 1856 Platonem
508 1816 571 1881 quo
605 1794 707 1855 maior
744 1772 908 1856 rhotoiem
943 1793 1098 1855 illudendi
1135 1812 1221 1860 esset

92 1898 230 1975 occasio,
253 1911 309 1960 aut
330 1912 366 1960 ut
390 1922 478 1960 suam
498 1899 539 1960 de
562 1919 669 1960 amore
691 1881 876 1983 explanaret
905 1899 1112 1991 sententiam,
1135 1902 1221 1964 illam

90 2002 348 2090 pertractandam
385 1998 463 2065 sibi
483 2004 653 2088 sumpsisse
691 1993 875 2080 coniiciunt,
930 2002 1016 2088 quod
1051 2019 1221 2092 utrumque

92 2111 216 2207 salsam.
262 2106 401 2171 Omnem
424 2107 506 2170 hanc
533 2107 770 2171 dubitationem
784 2111 879 2174 solvit
906 2091 1060 2173 bistoriae
1085 2127 1117 2174 et
1140 2126 1219 2174 tcm-

92 2201 209 2299 porum
215 2213 384 2298 cognitio
429 2213 556 2296 Lysiam
576 2236 593 2275 a
615 2214 759 2276 Siculis
750 2229 939 2277 instructum
957 2201 1220 2300 praeceptoribus

92 2318 264 2383 multum
254 2338 288 2378 m
316 2332 384 2381 arte
412 2333 518 2382 vtersa
519 2341 572 2379 um
600 2331 727 2401 etpost
755 2339 827 2380 cum
862 2319 1051 2381 Theodorus
1081 2341 1163 2395 cum,
1187 2339 1221 2385 ut

91 2424 237 2499 traditur,
262 2421 433 2485 subtilitate
460 2424 555 2507 longe
576 2423 821 2505 praecessisset,
845 2424 1005 2485 orationes
1033 2425 1147 2508 quibus
1170 2444 1223 2491 aut

91 2530 163 2611 ipse
185 2542 332 2591 uteretur
351 2543 405 2590 aut
427 2527 505 2589 alios
535 2527 699 2603 adiuvaret
724 2528 758 2588 in
782 2527 901 2590 iudicio
924 2530 1153 2614 conscripsisse
1181 2555 1220 2594 cx

108 2727 154 2801 ⁶⁰)
172 2722 296 2802 Longini
312 2745 376 2801 cap·
393 2735 436 2785 32.
456 2737 513 2791 τοῖς
532 2725 670 2791 τοιούτοις
689 2726 879 2802 ἐλαττώμασιν
893 2728 1043 2800 ἐπιχειρῶν
1058 2729 1133 2804 ὅμως
1155 2731 1223 2788 αόιό
1260 2792 1274 2813 x

164 2818 395 2879 ὅίίαικίλιος
420 2817 451 2871 ἐν
472 2828 529 2878 τοῖς
548 2817 617 2888 ὑπὲρ
637 2821 779 2873 Λυσίου
799 2817 1021 2889 συγγράμμασιν
1043 2818 1221 2890 α’πείίόρρησε

164 2909 202 2977 τῷ
225 2911 309 2961 παντὶ
328 2909 443 2960 Λυσίαν
473 2903 579 2983 opstat»
609 2905 755 2968 Πλάτωνος
780 2905 983 2976 ἀποφήνασθαι
1020 2908 1088 2962 συσὶ
1112 2910 1220 2966 ναίοισι

162 2994 335 3068 χρησάμενος
353 2993 484 3065 α’κρίτοις·
504 2996 595 3065 (γαλῶν
614 2992 669 3066 γάρ
690 2991 739 3049 τόν
757 2999 871 3071 Λυσίαν
885 2993 922 3056 αἶς
949 2994 1012 3049 otitl'
1026 2994 1108 3059 αιῗτός
1128 2997 1221 3062 αὐτόν,

164 3079 240 3156 ὅμως
253 3085 358 3154 μᾶλλον
368 3093 449 3152 μισεῖ
462 3084 499 3153 τῷ
514 3087 596 3136 παντί
615 3082 749 3138 Πλάτωνα
765 3079 781 3150 ii
797 3088 912 3152 Λυσίαν
926 3087 1013 3155 φιλεῖ.
1051 3083 1088 3137 At
1103 3086 1222 3141 Photius

168 3188 290 3241 prorsus
302 3162 359 3224 alia
380 3169 465 3223 docet
485 3168 521 3222 dc
540 3169 623 3238 Lysia
642 3189 709 3243 pag.
729 3175 791 3226 489.
808 3172 879 3224 Bldt.
916 3168 1062 3233 ΚαικίλιοςΙ
1081 3173 1113 3228 δὲ
1132 3172 1223 3247 ἁμαρ-

150 3256 241 3311 ἰιίνει
260 3255 403 3329 εὑρετικόν
417 3261 472 3330 μὲν
488 3255 537 3312 τόν
548 3257 638 3331 ἄνδρα
655 3263 734 3329 εἴπερ
750 3256 833 3313 ἄλλον
843 3257 908 3322 ιινιὶ
923 3263 1129 3330 συνομολογυῑν,
1149 3267 1223 3317 οἰκο-

162 3350 284 3417 νομῆσαι
309 3343 341 3399 sci
370 3344 519 3417 εὑρεθέντα
545 3345 596 3417 οὐχ
616 3344 703 3408 οὕτως
720 3348 824 3402 ἱκανόν·
850 3354 896 3401 καί
921 3347 975 3421 γάρ
997 3346 1049 3419 κᾷν
1075 3348 1161 3421 τοόιῳ
1185 3354 1222 3425 τῷ

162 3436 246 3506 μέρει
272 3437 318 3503 τῆς
346 3432 442 3503 ἀρετῆς
469 3438 517 3488 τοῦ
545 3434 629 3506 λόγου
658 3433 774 3498 οὐδενός
802 3435 900 3507 ὁραιαι
931 3437 1109 3508 φαυλότερος.
1145 3457 1219 3510 tpunc

164 3522 325 3577 Caecilium
356 3541 416 3577 non
441 3540 529 3576 caeco
550 3523 651 3592 Lysiae
674 3542 774 3578 amoro
801 3535 850 3578 arat
872 3526 962 3579 nimio
989 3526 1119 3579 Platonis
1142 3527 1221 3593 odio,

164 3621 197 3665 ut
210 3594 359 3682 Longinus
379 3607 451 3665 dicit
464 3621 564 3681 partes
585 3627 660 3673 suas,
681 3609 733 3663 scd
751 3611 838 3664 nimis
858 3613 955 3683 potius
982 3612 1018 3666 de
1036 3614 1120 3683 Lysia
1142 3633 1222 3670 sevc-

164 3717 228 3753 ram
259 3715 412 3753 censuram
444 3696 536 3771 egisse
562 3695 778 3762 demonstrant,
814 3711 872 3752 nce
895 3700 1042 3770 quomodo
1072 3702 1124 3756 hos
1149 3704 1221 3759 datos

126 3816 128 3821 ·
164 3789 245 3841 locos
281 3785 437 3840 conciliem
478 3783 621 3857 intelligo.
657 3785 858 3858 Hermogenes
896 3805 1013 3860 quoque
1054 3788 1090 3843 dc
1119 3793 1221 3861 Lysiae

166 3873 301 3928 oratione
329 3891 410 3928 suam
442 3888 589 3943 exponere
618 3873 791 3926 sententiam
816 3873 848 3928 in
874 3875 971 3929 animo
995 3877 1116 3944 habuit3
1150 3880 1221 3937 dicit

164 3961 241 4015 enim
259 3979 327 4071 pag.
342 3967 404 4020 107.
421 3960 488 4016 Ald
506 3957 573 4013 α’λλα
594 3966 816 4032 περὶΛυσίου
835 3968 880 4017 καὶ
901 3967 949 4018 τοῦ
968 3968 1143 4022 Λυσίου
1132 3969 1218 4041 λόγου

117 4101 122 4106 .
164 4047 215 4107 alt
235 4044 288 4105 οὖν
306 4048 482 4115 παντόςείιε
504 4053 552 4104 καὶ
571 4045 658 4104 αότου
680 4049 767 4105 ιιόνου
791 4055 839 4106 τοῦ
861 4053 992 4125 ἐρωτικοῦ
1010 4073 1095 4110 τανυν
1120 4055 1219 4126 α’ναρε
1295 4066 1299 4081 l

161 4138 283 4210 βλόσθω,
303 4138 351 4193 ἰαί
339 4139 406 4194 ἰδὲ
426 4136 457 4194 τό
481 4141 618 4216 τγροιεθὲν
638 4109 790 4196 ἐπανιτέον.
827 4141 929 4213 Nuper
951 4160 1024 4195 vero
1051 4142 1170 4216 quidam
1187 4160 1220 4201 ut

166 4227 246 4295 illam
261 4222 339 4300 apud
354 4226 510 4303 Platonem¹
520 4223 622 4295 Lysiae
639 4224 813 4291 vindicaret,
833 4239 862 4283 et
873 4230 947 4284 hane
961 4240 990 4284 et
1003 4248 1104 4294 omues
1119 4220 1224 4302 Lysiae*

165 4312 315 4370 orafiones
332 4324 364 4369 ut
380 4330 505 4386 nequam
518 4311 717 4369 condemnare
736 4326 779 4371 est
794 4333 888 4372 ausus.
