2610 4634
1006 142 1013 171 (

535 200 774 309 ..149-

88 375 263 453 absurdum
276 375 339 438 erit
357 389 496 438 statuere
510 373 605 436 etiam
617 374 818 458 prooemium
836 374 915 436 illud
929 374 1042 458 Lysiae
1063 389 1096 435 et
1106 373 1215 436 Ando-

88 480 172 544 cidis
190 495 224 542 et
239 478 444 564 Antiphontis
462 472 608 553 haustum
622 498 692 540 esse
713 478 875 563 exemplis.
960 522 965 529 -
1214 482 1217 491 '

175 588 272 651 Certo
297 583 461 670 Antiphon
489 576 612 666 primus
638 604 703 644 non
735 598 804 645 erat
827 584 881 668 qui
905 604 958 644 rea
985 585 1018 645 in
1048 596 1214 670 utramque

90 704 238 755 tractatas
266 690 455 763 sententiam
488 687 656 751 contrariis
686 703 863 771 exponeret
890 688 1097 762 orationihus,
1129 688 1215 775 quod

90 795 273 858 disserendi
287 816 387 881 genus
406 793 538 879 posthac
553 792 654 859 veluti
673 793 840 878 proprium
855 792 1014 881 quoddam
1036 794 1097 855 eibi
1112 792 1215 857 vindi-

90 901 205 965 cabant
229 900 412 985 philosophi
429 897 638 978 Academiae3
665 897 711 960 sic
730 897 844 982 ptimo¹
863 912 1009 982 tempore
1041 900 1081 959 ex
1108 899 1214 983 sophi-

90 1021 211 1069 starum
231 1005 348 1068 exiisse
364 1003 494 1069 videtur
514 1003 623 1066 schola
645 1022 706 1064 nec
731 1002 846 1065 iniuria
867 1003 1067 1066 dialecticam
1093 1025 1214 1067 nuncu-

87 1111 218 1196 paveris
231 1088 461 1196 eloq’uentiam3
476 1121 509 1170 et
521 1107 584 1170 iam
602 1104 720 1168 dudum
739 1109 773 1168 ni
786 1107 881 1170 fallor
898 1108 930 1170 in
943 1109 1051 1172 Tisiae
1067 1105 1215 1172 aliorum-

92 1238 156 1302 que
170 1216 210 1278 de
225 1229 293 1277 arte
308 1213 437 1298 seriptis
455 1212 508 1274 hic
524 1209 697 1303 erercendi
710 1231 838 1296 campus
853 1213 1078 1298 exagitabatur.
1124 1216 1215 1278 Sum.

88 1343 176 1384 mum
188 1333 320 1405 apparet
340 1317 529 1403 fastigium
520 1339 554 1378 ιιι
567 1315 771 1401 Thucydidis
774 1317 970 1380 orationibus
984 1319 1051 1380 acri
1070 1334 1103 1382 et
1120 1318 1222 1384 acuto

92 1424 297 1488 elaboratis
288 1423 418 1510 ingenio
441 1442 536 1508 quem
562 1421 774 1506 sophistarum
797 1421 868 1535 lere
898 1424 1068 1487 maximum
1095 1424 1216 1488 dixeris

88 1530 303 1593 defensorem
414 1542 416 1547 ’

69 1636 72 1641 ’
176 1638 282 1698 Locus
303 1648 352 1696 est
379 1630 463 1717 apud
483 1632 687 1705 Platonem¹
678 1654 712 1692 m
733 1631 881 1694 Phaedro
906 1654 979 1718 pag.
997 1641 1055 1702 83:
1083 1665 1117 1705 τι
1110 1639 1216 1716 dal,-

88 1740 152 1812 τὸν
172 1743 353 1829 μελίγηρυν
365 1734 558 1827 ’Ἄδραστον
578 1730 723 1822 οἰόμεθα
742 1727 765 1827 ἢ
784 1740 842 1804 καί
860 1739 1034 1826 Περικλέα,
1061 1746 1091 1810 εἲ
1113 1735 1216 1812 olnod-

90 1870 189 1916 σειαν
215 1831 266 1913 ὦν
286 1839 350 1912 οὖν
373 1839 415 1930 δὴ
438 1835 532 1932 ἡμεῖς
559 1838 680 1938 διῇμεν
703 1838 774 1911 τῶν
796 1836 979 1931 παγκάλων
997 1841 1217 1935 τεχνημάτων

89 1978 116 2018 κ,
140 1977 167 2018 τ,
189 1953 218 2017 λ,
241 1947 356 2033 quibus
377 1944 486 2007 Astius
507 1966 578 2029 pag.
601 1953 673 2013 572.
699 1960 732 2008 et
747 1946 788 2008 de
806 1947 870 2009 vita
884 1962 917 2010 et
930 1949 1059 2032 seriptis
1072 1951 1214 2015 Platonis

87 2075 160 2138 pag.
193 2059 245 2122 90.
272 2050 502 2134 Antiphontem
525 2050 660 2136 intelligi
692 2049 880 2128 arbitratur,
916 2053 1003 2138 qnod
1029 2050 1216 2140 quibusdam

91 2179 204 2222 verum
232 2156 397 2231 videatur,
427 2155 505 2217 mihi
532 2176 573 2217 ne
603 2155 771 2238 probabile
803 2156 933 2241 quidem
963 2173 1021 2221 est.
1066 2161 1214 2225 Hermiae

89 2263 255 2325 rhetorem
276 2282 431 2346 nusquam
449 2275 657 2323 memoratum
683 2281 754 2352 esse
775 2254 853 2325 dicit
871 2263 1006 2325 Periclis
1030 2266 1195 2350 aequalem
1201 2290 1213 2347 3

90 2367 176 2430 idem
202 2389 274 2453 pag.
302 2362 373 2435 183·
400 2387 460 2449 pro
489 2387 545 2429 sua
563 2364 675 2426 harum
694 2358 877 2450 cognitione
900 2388 918 2430 e
941 2367 1050 2430 verbis
1071 2366 1214 2460 φησὶνὸ

89 2468 218 2544 Λάκων
237 2492 357 2535 novum
381 2469 475 2533 nohis
495 2469 646 2554 procudit
664 2484 833 2555 oratorem.
879 2471 974 2567 Quod
995 2474 1024 2535 si
1048 2474 1213 2558 Antiphon

89 2593 184 2654 esset,
206 2597 301 2662 quem
325 2577 360 2637 in
385 2575 488 2639 animo
510 2574 622 2638 babuit
642 2575 752 2652 Plato,
773 2573 884 2659 quidni
908 2589 943 2638 ut
966 2592 1093 2640 ceteros
1112 2580 1157 2649 ita
1180 2594 1214 2644 et

85 2683 172 2745 hune
198 2704 256 2744 suo
277 2666 491 2765 nuncupasset
511 2680 657 2760 nomine3
678 2678 794 2741 deinde
814 2699 873 2740 cur
890 2699 985 2765 quem
1004 2679 1166 2746 Nestorem
1178 2687 1212 2767 l)

85 2790 235 2853 vocatum
256 2808 327 2848 esse
350 2785 470 2861 dicunt,
488 2783 643 2848 Adrastus
650 2807 661 2866 3
687 2784 755 2848 eius
777 2784 862 2847 enim
882 2783 947 2849 fata
966 2785 1047 2849 nihil
1067 2783 1107 2850 ad
1128 2789 1211 2853 banc

85 2930 402 2947 m

101 3022 131 3091 *)
149 3027 213 3079 lIoc
228 3023 346 3079 nomine
360 3041 420 3077 non
429 3011 770 3093 Antiphontemtantum,
789 3018 840 3075 sad
851 3021 1010 3077 Isocratem
1023 3023 1111 3079 etiam
1123 3043 1210 3098 prae-

155 3111 303 3170 dicabant.
316 3111 457 3182 Syrienus
468 3109 497 3162 in
512 3118 669 3163 comment.
679 3108 710 3162 in
723 3111 862 3181 Hermog.
878 3109 958 3164 ideas
972 3108 1026 3167 sols
1041 3119 1085 3168 3⁵.
1101 3112 1130 3166 b.
1141 3114 1207 3169 eod.

155 3202 238 3263 v111.
252 3207 318 3273 περὶ
333 3202 368 3272 da,
381 3202 431 3255 τοῦ
441 3196 596 3260 Ὀδυσσέως
610 3203 699 3270 φησὶν
715 3199 784 3251 ἔπεα
797 3195 953 3272 νιφάδεσιν
966 3198 1075 3254 ἐοικότα
1085 3208 1207 3273 χειμσρί.

155 3304 206 3368 pet
215 3293 244 3344 οἱ
255 3288 336 3362 λόγοι
349 3287 445 3350 αὐτοῦ,
463 3286 655 3360 αἰνιττόμενος
667 3283 697 3342 ro*
713 3289 817 3353 πλῆθος
832 3292 880 3344 τοι)
896 3285 982 3359 λόγου
996 3287 1103 3359 ιλψηλόν
1119 3297 1210 3345 τεκαὶ

156 3376 262 3435 πυκνόν
288 3383 335 3432 καὶ
362 3373 575 3444 κατοπληκτικὸν
598 3381 645 3430 καὶ
667 3371 697 3429 ιδ
722 3371 830 3447 μεστόν
852 3379 907 3432 τῶν
933 3376 1137 3448 ἐνθυμημάτων
1162 3385 1209 3433 καὶ

156 3466 263 3523 τούτων
290 3465 401 3538 ἀθρόως
426 3466 585 3539 λεγομένων
618 3465 715 3526 ὁποῖος
742 3468 784 3526 τίς
816 3463 935 3519 letor
918 3482 933 3519 ο
958 3467 1205 3537 Δημοσθένης
1256 3502 1258 3506 -

155 3554 298 3628 ἐπειςάγει
326 3556 358 3610 da
389 3550 438 3609 τον
462 3555 644 3624 Νέστορα,
675 3557 908 3639 χσρσκσηρλζονια
933 3551 982 3609 τὸν
1008 3552 1224 3627 Ἰσοκράτη.

154 3645 212 3716 ἔχει
233 3641 289 3715 γὰρ
312 3662 342 3698 το
365 3637 488 3697 πιθανόν
500 3642 576 3696 ἐκ
545 3660 592 3709 της
610 3638 743 3709 >idumaea
760 3658 811 3698 σου
827 3639 928 3711 λόγου
930 3647 978 3696 καὶ
998 3661 1029 3698 το
1043 3641 1209 3710 ἀξιόπιστον
1248 3706 1251 3719 Ι

154 3737 185 3788 ἐκ
205 3737 251 3802 τῆς
267 3729 449 3803 πλογιόιηιος
460 3736 507 3785 aral
522 3737 622 3801 πείρας
636 3731 691 3785 τῶν
708 3731 847 3803 lotoqsolr
866 3727 967 3802 πλήρης
982 3750 1037 3802 γορ
1058 3732 1209 3808 δογμάτων
1249 3726 1253 3733 ’

154 3843 201 3878 και
219 3820 384 3893 Ισοκριίτης,
411 3820 667 3892 κσκαλλωπισμένος
684 3835 733 3881 τον
752 3817 837 3890 λόγον
858 3820 938 3890 εἴπερ
959 3817 1112 3892 ris-‹illos-
1137 3819 1209 3881 ὅθεν

153 3917 201 3968 καὶ
214 3915 243 3967 οἱ
257 3915 385 3987 τεχνικοὶ
394 3904 427 3964 ni
446 3907 663 3982 παραδείγματα
684 3909 740 3962 τῶν
756 3903 996 3978 παρισώσεων
1013 3915 1060 3966 καὶ
1084 3906 1208 3968 ἰσοκοί-

152 4004 222 4061 λων
238 4005 284 4055 καὶ
306 3998 546 4070 λπιινοφορῶν
562 4001 610 4050 κοιλ
632 3997 917 4068 turrecremata
940 4000 988 4051 καὶ
1018 3996 1131 4055 πάντων
1151 4005 1208 4059 τῶν

153 4088 300 4162 σχημάτων
317 4089 372 4141 πᾶν
389 4083 475 4161 λόγον
493 4080 720 4151 καλλωπιζόντιιν
743 4084 770 4148 ἐξ
797 4081 882 4138 αὐτου
869 4085 1142 4158 πομιλὴφοσιν“
1121 4110 1140 4143 ιι
1159 4096 1207 4147 καὶ

151 4182 219 4249 περὶ
245 4172 419 4246 Νέστοροςὸ
464 4168 576 4241 notaria
592 4160 824 4246 λσιμαρσύριισιι
850 4170 940 4245 λέγων
970 4186 1046 4230 τοῖσι
1074 4177 1107 4234 δὲ
1133 4181 1207 4291 Νέσ-

151 4283 209 4339 τωρ
229 4284 253 4320 ιι.
281 4281 306 4319 τ
324 4264 350 4318 λ.
