2610 4634
531 126 759 201 -11-'

77 306 418 390 negligere¹poterat3
448 305 502 367 rix
523 305 609 369 enirn
634 306 697 368 ism
723 320 789 372 tum
813 304 1199 405 Simonidisjprppomrri,

77 410 174 496 quani
199 423 232 470 et
256 409 391 493 Hippias
414 409 520 471 etalii
541 410 640 496 magis
656 411 833 475 excoluisse
849 412 1000 477 ridentur
1016 416 1050 497 ¹⁷)
1071 419 1201 505 nocicla,
1301 462 1304 477 .

76 529 143 589 rat,
162 532 225 577 neo
245 512 407 597 paneade
428 512 488 575 hae
509 513 593 596 apud
613 528 775 577 auctorem
797 514 836 579 ad
850 518 1049 592 Herennium
1064 535 1198 600 exstant,
1225 580 1231 593 ,

76 619 163 682 unde
182 632 310 683 veteres
333 637 402 679 eam
420 617 599 702 neglexisse
620 640 684 682 non
704 620 886 695 evincatur,
909 621 995 708 quod
1007 636 1115 687 tamen
1135 606 1200 690 non

76 726 119 788 ita
133 743 209 786 esse
222 721 427 803 anaximenis
440 720 536 784 docet
549 722 727 805 rhetoripe,
750 726 803 810 qui
818 747 919 813 aeque
932 740 1026 812 atque
1042 729 1200 796 Aristote-
1248 710 1254 745 ⁹

76 832 124 892 les
141 826 271 890 silentio
290 827 372 890 hanc
390 828 519 902 transit,
537 812 697 915 nunquam
716 830 743 890 si
758 830 814 891 alii
829 830 862 891 in
883 831 973 892 libris
992 830 1032 894 de
1047 849 1115 923 arte
1128 824 1200 899 ora·

77 934 163 1015 toria¹
185 932 414 1016 expolivissent
436 931 471 992 id
492 933 643 996 facturus.
694 937 815 1018 Nempe
836 936 869 996 in
884 935 943 998 hae
964 951 997 998 et
1014 937 1047 999 in
1059 961 1200 1041 propun.

76 1039 211 1102 tiatione
232 1038 355 1099 tirones
377 1037 511 1098 multum
531 1061 549 1099 a
568 1036 746 1100 fabularum
765 1040 926 1102 actoribus
940 1041 1043 1105 iuvari
1065 1060 1201 1109 rectam-

76 1165 139 1229 que
154 1142 267 1205 doceri
281 1141 365 1205 riam
378 1156 527 1225 poterant
539 1139 573 1223 ι1)
596 1156 632 1204 ut
641 1126 762 1226 primos
782 1141 921 1206 artifices
936 1145 970 1206 in
989 1147 1116 1233 scriptis
1134 1171 1200 1212 me.

75 1248 211 1311 moriam
228 1267 293 1308 non
307 1247 440 1321 multum
454 1264 581 1327 curasse
596 1248 724 1309 minime
738 1249 845 1310 mirer.
876 1249 952 1312 Tria
967 1234 1065 1335 igitur
1077 1252 1201 1316 ¹restant

75 1354 116 1415 de
141 1350 257 1436 quibus
280 1350 491 1424 disseremus,
520 1343 664 1439 eriperer,
695 1347 790 1436 τάξις
820 1367 852 1416 et
878 1350 1005 1442 φράσις
1032 1357 1084 1451 vel
1102 1360 1199 1442 λέξις.
1291 1402 1294 1411 ·

76 1458 130 1520 Sic
147 1455 326 1541 provincia.
333 1456 448 1516 mirum
466 1469 617 1540 quantum
638 1470 751 1541 postea
772 1456 898 1521 dilatata
925 1458 1030 1541 primo
1053 1462 1200 1545 tempore

76 1561 151 1624 sutis
173 1573 334 1635 coarctata
355 1574 485 1644 apparet
492 1583 502 1640 3
525 1582 598 1622 nam
618 1575 651 1622 et
668 1560 707 1622 de
728 1560 794 1634 his,
818 1562 934 1624 ceteris
959 1565 1074 1648 magis,
1098 1580 1219 1628 atten-¹

76 1660 276 1748 ‹luntwigw
300 1686 393 1750 quam
412 1679 447 1726 ut
463 1664 646 1746 primariam
667 1687 725 1726 nos
751 1664 954 1728 considerare
974 1681 1118 1750 oportet3
1144 1668 1202 1732 sed

77 1786 109 1833 et
119 1770 174 1833 hie
186 1791 281 1855 quam
296 1769 398 1832 futilis
409 1785 520 1833 nostra
536 1771 577 1832 sit
594 1770 735 1854 cognitio
752 1768 836 1831 vide.
860 1771 974 1856 Agitur
989 1770 1029 1832 de
1044 1774 1199 1862 orationis

76 1868 235 1939 divisione
256 1874 347 1936 cuius
362 1874 465 1938 varias
480 1874 562 1958 aputl
585 1874 691 1936 varios
705 1875 819 1936 artium
834 1876 1007 1958 scriptores
1026 1892 1134 1960 partes
1151 1895 1200 1944 est

74 1979 201 2064 wando
228 1979 421 2064 investigare
444 2001 627 2061 possumus,
656 1980 841 2062 partitionis*
859 2001 938 2043 vero
958 2001 1035 2065 quas
1059 1981 1200 2047 fecerint

74 2100 223 2148 auctores
237 2099 269 2146 et
283 2105 344 2168 ego
359 2084 473 2168 ignoro
487 2104 548 2144 nee
564 2080 618 2146 alii
634 2085 747 2146 melius
771 2085 893 2168 sapiunt
902 2107 912 2164 3
935 2107 1090 2170 nusquam
1113 2089 1199 2151 enim

72 2204 204 2273 praeter
218 2190 324 2251 locum
340 2202 554 2272 praestantem
568 2188 845 2274 apudDionysium
861 2190 964 2251 Halic.
980 2191 1014 2250 in
1024 2172 1138 2274 Lysiae
1151 2193 1199 2255 iu·

74 2292 160 2355 <licio
177 2282 218 2353 <le
237 2294 386 2356 isocratis
401 2294 582 2377 praeceptis
595 2293 665 2354 fere
680 2296 830 2367 relatum,
855 2308 887 2355 et
900 2315 980 2378 quae
998 2295 1197 2376 posteriores

72 2400 129 2461 hac
143 2398 186 2460 de
200 2392 238 2458 re
251 2396 427 2480 disputant,
452 2397 556 2459 omnia
574 2412 700 2461 veteres
719 2398 781 2460 iam
792 2398 1020 2473 dederint,·an
1040 2419 1079 2460 ex
1094 2399 1198 2484 philo.

75 2504 249 2589 sophorum
265 2504 319 2588 qui
334 2517 399 2564 tum
414 2516 514 2563 artem
525 2516 707 2575 tractarent,
722 2503 784 2563 sint
798 2517 871 2564 nata
883 2501 1017 2583 scholis,
1027 2503 1097 2588 quis
1107 2490 1197 2569 recte

74 2609 237 2671 discernat
258 2621 290 2670 et
308 2606 483 2668 diiudicet?
519 2608 626 2702 Quare
648 2607 734 2692 quod
753 2607 811 2668 hac
827 2607 878 2669 via
894 2606 963 2667 erui
978 2609 1098 2692 nequit,
1114 2632 1198 2674 nora

73 2715 194 2791 lubrica
216 2711 345 2798 quidem
361 2711 524 2772 inventum
543 2710 583 2770 iri
599 2727 687 2794 puto,
708 2725 743 2772 ut
758 2731 838 2795 quae
858 2712 1018 2794 supersint
1033 2714 1194 2805 orationes

74 2818 252 2882 dividamus
269 2831 301 2878 et
317 2817 404 2880 varia
421 2816 602 2899 partitionis
617 2836 734 2901 genera
752 2815 873 2899 aliaque
893 2816 1063 2900 eligamus,
1088 2832 1120 2879 et
1137 2818 1196 2883 hac

73 2922 196 2986 ratione
216 2943 296 3008 quae
310 2935 471 2983 oratorum
486 2922 620 3005 quisque
636 2929 822 3003 praecepta,
843 2920 1075 3003 posterioribus
1095 2936 1198 2987 tanto.

72 3048 147 3110 pere
161 3026 330 3090 decantata
344 3025 532 3110 probaverit
548 3044 669 3109 quaeve
682 3024 842 3109 respuerit
853 3024 1091 3108 perspiciamus,
1109 3010 1197 3114 qnod

73 3132 215 3194 nondum
239 3151 337 3202 agme
360 3132 495 3203 factum,
525 3129 580 3213 qui
597 3128 675 3191 vitio
691 3129 768 3189 mihi
792 3142 920 3213 vertant
936 3129 1020 3192 haud
1046 3130 1118 3194 sore
1143 3154 1195 3195 ex.

74 3236 186 3299 istimo.
224 3236 355 3298 Caecilii
370 3235 410 3297 de
425 3233 621 3318 Antiphonte
638 3233 736 3296 rerba
755 3234 788 3315 ¹⁹)
812 3235 958 3297 aPhotio
976 3251 1099 3299 servata
1117 3237 1194 3300 cod.

87 3475 129 3540 ⁴¹⁷)
146 3471 298 3545 Longinus
318 3473 416 3542 [vulgo
441 3469 574 3543 Apsines]
594 3486 658 3543 pag.
681 3474 732 3526 718
754 3464 804 3535 ἤδη
827 3469 860 3523 δὲ
883 3473 930 3523 καὶ
950 3467 1114 3544 Σιμωνίδης
1133 3479 1197 3533 ,καὶ

139 3565 290 3622 πλείους
302 3559 376 3633 με(1
391 3561 532 3614 ἐκεῖνον
545 3557 653 3630 μνήμης
670 3554 798 3628 [γνώμης]
814 3554 1099 3632 δδούςπροῦδίᾅαξαν
1114 3561 1197 3616 (1δῶ-

139 3652 196 3704 1ων
210 3647 371 3720 παράθεσιν
391 3655 438 3702 καὶ
451 3648 543 3703 τόπων
556 3644 752 3720 εἰσηγούμενοι
775 3642 850 3725 πρὸ(
863 3644 893 3700 (ὀ
911 3647 1098 3718 μνημονεύειν
1122 3650 1196 3720 ἔχειν

139 3736 286 3811 ὀνομάτων
303 3756 332 3792 rs
352 3742 398 3790 xri
415 3735 553 3810 ῥημάτων.
589 3736 709 3790 Librum
730 3739 797 3806 napi
818 3735 924 3806 μνήμης
940 3735 1056 3807 scripsit
1073 3746 1193 3792 auctore

141 3827 276 3899 Diogene
294 3824 602 3880 Laut-Xenocrates.
1145 3844 1149 3851 ·

90 3913 129 3984 18)
147 3914 297 3987 Longinus
326 3913 358 3967 in
377 3912 448 3967 Arte
472 3930 545 3986 pag.
571 3918 634 3971 716.
685 3908 808 3994 Quintil.
831 3911 887 3975 xl,
912 3911 964 3964 111.
993 3911 1072 3967 conf.
1096 3914 1193 3987 Lange

140 4002 261 4059 Vindic-
279 4000 411 4074 tragoed.
431 4003 517 4056 Rom.
534 4018 601 4074 pag.
619 4009 662 4058 35.

91 4093 131 4160 ι9)
150 4091 181 4146 in
202 4091 299 4154 libro,
322 4101 355 4144 nt
370 4088 504 4154 videtur,
523 4085 770 4162 περὶΣχημᾶτων,
796 4105 921 4159 qnorum
940 4086 1003 4142 finis
1027 4108 1042 4144 a
1063 4091 1193 4146 Caecilio

139 4178 222 4235 <latus
240 4188 332 4234 exstat
352 4175 428 4249 apud
439 4177 675 4232 Phoebamonem
701 4193 766 4251 pag·
783 4181 835 4234 688
850 4174 916 4230 alu.
936 4176 1035 4232 Falsus
1061 4190 1103 4234 est
1119 4181 1193 4234 Tou·
1257 4226 1260 4231 .
