2610 4634
543 272 593 314 ‘—-
636 263 795 332 tsi·

151 433 271 523 ὅστις
304 429 532 528 συνδρῶν
556 433 777 518 τοσούτοις
800 433 1047 525 μεταβολάς
1075 460 1242 527 ysysvn·

423 575 425 582 ⁸
528 544 668 629 μένας

86 696 91 703 -
128 642 419 738 ἒνηνοχᾶτας
440 646 526 729 τοὶς
539 645 765 734 συμφορᾶς
787 673 839 729 ως
861 640 1052 728 οὕδὲνες.

81 828 83 833 ⁸
127 759 224 823 καὶ
247 747 349 855 μηδ’
370 740 898 844 ἐπικουρῆσαι’δύνωντ,αι
920 742 1026 834 τοῖς
1036 754 1194 836 κακοῖς.

197 897 289 957 Haec
309 912 409 977 panea
433 914 471 954 ex
494 894 581 978 larga
606 890 818 976 undecunque
846 869 1009 957 affluente
1019 892 1139 977 copim
1163 893 1239 971 satis

112 999 197 1061 enim
232 997 294 1061 iam
327 998 487 1075 lusimus,
501 1019 628 1082 neque
622 979 722 1060 aliud
748 997 835 1059 volui
867 997 928 1058 nisi
951 994 1034 1080 apud
1063 998 1239 1061 Isocratem

110 1125 223 1167 versus
238 1124 297 1174 nos
318 1102 463 1175 invenire
476 1103 658 1166 facillimum
673 1123 754 1176 esse,
768 1103 918 1186 quamvis
924 1124 990 1164 non
1003 1116 1117 1164 omnes
1133 1118 1240 1166 aucto-

33 1196 35 1201 *
76 1198 79 1213 ¹
110 1209 149 1282 ri,
168 1208 224 1272 sed
239 1207 379 1269 librariis
394 1207 547 1292 quosdam
561 1208 731 1292 imputem3
755 1221 846 1269 antea
860 1205 945 1267 enim
960 1205 1072 1288 plures
1089 1206 1240 1296 legeban-

83 1390 89 1408 Ι
110 1328 163 1378 tur
174 1313 293 1376 senarii
310 1333 394 1374 nunc
408 1310 519 1373 codiee
535 1321 568 1384 Γ,
587 1313 717 1396 iugulati
732 1334 763 1376 r.
780 1311 857 1373 nin
871 1309 1010 1372 Busirid.
1030 1309 1059 1391 ᾗ.
1074 1317 1127 1379 46.
1144 1313 1241 1399 vulgo

63 1422 65 1427 ¹
154 1432 242 1517 πῶς
265 1424 317 1503 o'iv
339 1437 606 1522 δια,τεθε,ἰης;
630 1432 705 1522 ’ἐγώ
728 1435 803 1520 μὲν
826 1427 914 1504 οἶδ’
936 1425 1016 1517 ὅτιΙ

113 1564 288 1654 ιὼὶοοᾶοξ
307 1576 362 1638 ille
383 1575 685 1659 praestantissimus:
709 1571 772 1663 ἐγώ
794 1575 863 1677 μὲν,
884 1572 948 1661 γάρ
975 1560 1040 1643 οἷδ’
1061 1569 1128 1645 ὅτι.
1142 1587 1187 1638 οι
1208 1575 1242 1637 in

114 1680 301 1746 Archidami
326 1680 354 1760 ᾗ.
376 1686 407 1749 6.
504 1683 507 1691 ’
625 1684 627 1691 ’

54 1856 57 1868 .
157 1807 198 1874 ci'
218 1829 282 1884 τις
304 1799 485 1873 δύναται
507 1805 601 1889 περὶ
622 1799 705 1870 τῶν
726 1797 1238 1891 παρόντωνπραγμοίτων.

17 1982 19 1988 ι
66 1916 87 2029 ‘¹
110 1942 198 2007 idem
211 1942 372 2013 liberent
389 1945 441 2024 τίς
462 1971 496 2012 τι
519 1956 551 2003 ct
567 1942 613 2003 sie
628 1940 729 2025 plura.
1118 1924 1120 1928 ¹

202 2104 375 2170 [socratem
399 2113 589 2183 perpetuum
609 2096 736 2161 dicendi
754 2098 939 2184 magistrum
962 2119 980 2161 e
1006 2098 1095 2162 onius
1123 2101 1242 2178 schola,

114 2221 152 2294 ut
169 2205 337 2268 Ciceronis
352 2220 422 2293 utar
439 2205 563 2278 verbis,
587 2204 675 2267 velut
690 2224 729 2265 ex
748 2224 830 2288 equo
846 2204 996 2266 Troiano
1004 2194 1155 2286 discipuli
1169 2221 1243 2270 sunt

116 2310 249 2397 egressi,
272 2310 373 2372 libros
405 2309 570 2405 scripsisse
598 2308 638 2370 de
671 2323 740 2370 arte
749 2308 960 2372 rhetorica
951 2330 985 2368 m
1012 2307 1139 2393 quibus
1155 2313 1244 2396 λέξις

114 2417 253 2479 maximo
283 2395 559 2484 commendaretur
584 2428 616 2475 et
639 2427 862 2487 exornaretur,
896 2413 959 2474 iam
983 2436 1002 2474 a
1029 2413 1134 2497 priori
1155 2415 1242 2501 quod

86 2560 90 2569 1
115 2520 236 2598 dieunt,
260 2534 438 2604 exspectes,
462 2518 649 2612 quod1tem
671 2516 891 2619 confirmatum
913 2512 1068 2582 videmus.
1115 2520 1243 2617 Quinti-

116 2626 219 2688 lianus
239 2625 368 2711 quidem
386 2627 424 2685 lI.
448 2629 498 2692 16.
523 2645 594 2709 pag.
621 2630 693 2691 178.
712 2623 833 2687 leviter
856 2621 993 2685 dubitat:
1024 2620 1053 2682 si
1070 2617 1181 2685 tanuen
1209 2648 1244 2688 re

113 2752 189 2792 vera
216 2750 271 2791 crs
289 2751 375 2815 quoc-
380 2721 566 2833 circumfert
567 2746 607 2788 nr
622 2726 687 2790 eius
708 2736 760 2789 est.
806 2727 856 2789 oui
881 2727 952 2789 sive
962 2708 1201 2824 Quintiliani
1175 2752 1244 2794 sive

115 2829 243 2898 aliunde
260 2848 385 2916 sumpto
398 2832 517 2895 iudicio
535 2826 607 2894 cnm
619 2831 795 2907 doctissimi
815 2831 920 2911 critici
932 2830 1134 2928 Aristoteles,
1158 2837 1244 2899 Lon-

115 2941 233 3025 ginus‚
250 2938 441 3022 Dionysius,
474 2938 697 3020 Hermogenes
729 2935 859 3015 eosdem
885 2937 1042 3021 genuinos
1070 2955 1245 3022 agnoscant

116 3043 256 3128 indeque
281 3064 336 3104 sua
358 3056 541 3126 argumenta
563 3040 688 3115 ducant,
711 3063 776 3103 non
801 3042 935 3104 multum
954 3042 1008 3104 vel
1034 3036 1164 3105 nihil
1133 3045 1245 3143 potius

78 3208 80 3215 .
115 3140 234 3225 tribuo.
281 3146 420 3210 Omnino
434 3147 514 3210 tales
528 3146 641 3209 obviae
657 3145 870 3213 dubitationes
891 3146 1033 3230 quamvis
1048 3168 1147 3232 saepe
1168 3170 1245 3236 gra-

70 3263 72 3267 ’
116 3253 277 3331 vissimae,
299 3250 460 3314 interdum
478 3252 594 3313 nullius
616 3271 688 3313 esse
709 3251 806 3332 pretii
826 3251 1048 3331 inveniuntur3
1071 3252 1106 3315 in
1127 3254 1243 3337 primis

117 3340 180 3445 viii
198 3377 325 3446 quoque
345 3357 400 3442 qui
417 3355 580 3418 addubitat
601 3355 780 3430 auotoritas,
805 3355 832 3416 si
856 3377 925 3418 rem
941 3346 1042 3441 ipsam
1056 3355 1244 3437 diiudicare

117 3486 183 3527 non
205 3482 384 3546 possumus,
407 3461 440 3523 in
459 3478 598 3523 'censum
625 3459 723 3523 venit.
767 3461 821 3522 Sic
851 3459 934 3544 apud
956 3452 1187 3559 Quintilianum
1214 3479 1246 3528 et

119 3570 309 3633 Ciceronem
319 3565 496 3628 Demadem
515 3579 675 3628 oratorem
694 3563 773 3627 nihil
793 3565 946 3650 seriptum
973 3564 1144 3651 reliquisse
1158 3568 1246 3654 liegi-

117 3684 262 3755 mus3at
282 3685 430 3753 superest
450 3670 503 3735 vel
522 3669 615 3733 nobis
637 3666 722 3732 hand
742 3671 900 3734 incertum
921 3670 990 3732 eius
1012 3668 1228 3755 fragmentum
1235 3699 1246 3756 ς

119 3779 197 3845 item
219 3778 406 3863 paraenesin
430 3775 693 3862 Hatpocrationis
719 3775 906 3838 auctoritate
937 3775 1055 3838 iuniori
1087 3773 1246 3864 affingunt

116 3883 248 3946 isocrati
263 3880 301 3964 ⁸⁹)
322 3902 395 3944 oum
411 3881 513 3947 nostri
528 3896 633 3944 tamen
648 3880 778 3964 ingenio
802 3886 864 3944 ovo
884 3880 1017 3943 similior
1034 3880 1075 3942 sit
1096 3893 1129 3943 et
1152 3883 1187 3945 in
1209 3904 1248 3948 ea

119 3990 199 4072 quae
213 4001 322 4050 nostro
337 4000 418 4072 apto,
440 3972 548 4070 inepta
569 3984 686 4048 iuniori
706 3998 779 4048 sunt
791 3985 947 4072 legantur.
991 3982 1084 4051 Adde
1105 3988 1245 4053 eundem

137 4239 184 4311 ⁸⁹)
201 4239 270 4301 vid.
296 4243 429 4299 Muretus
445 4233 532 4301 xVar.
557 4242 639 4299 Leet.
671 4240 694 4295 l.
721 4248 747 4300 1.
791 4211 986 4297 Ruhnlicnios
1006 4238 1110 4299 histor·
1140 4240 1246 4303 critic.

130 4324 133 4333 '
190 4345 256 4404 pag.
275 4330 325 4386 et·
339 4340 367 4386 st
383 4329 463 4386 coni.
481 4330 616 4388 schottus
631 4328 669 4386 ad
682 4328 813 4400 Dionysii
826 4320 1062 4391 remittitor.
1074 4344 1142 4421 pag.
1161 4334 1222 4407 Μ
