2610 4634
556 222 873 301 -103-'

238 425 347 488 ματος
370 402 428 471 καὶ
447 398 488 472 τὰ
512 402 602 484 εἶδος
636 395 759 494 ὅλη
736 431 765 493 η
786 398 972 496 πρότερον
985 415 1236 577 ΘΙΕΟΔΩΡΟΥ

101 608 181 672 iride
196 504 486 696 sihhxrdqcolligere
499 611 587 685 licet,
610 610 779 674 cercinum
796 615 1009 702 multomagis
1025 640 1120 705 quam
1133 621 1228 685 Euri-

102 714 215 799 pidem
236 728 339 779 artem
359 715 530 779 oratoriam
553 716 588 777 in
609 716 726 780 sabulis
745 735 951 801 persecutum
978 741 1051 786 esse
1074 725 1230 790 ridemus.

102 817 270 883 Theodori
288 841 340 882 ars
360 821 388 881 si
407 840 522 884 revera
541 821 616 883 huic
639 823 791 887 convenit
821 827 977 911 exemplo,
1001 849 1076 890 eum
1103 851 1143 892 ex
1167 831 1230 894 hoc

100 945 224 1011 genere
246 938 280 987 et
305 924 545 1010 argumentandi
569 925 673 1005 forma
699 927 843 992 eiusdem
869 930 920 994 rei
950 932 1170 997 accusationes
1198 951 1231 999 et
1268 916 1271 920 ⁵

100 1029 309 1092 defensiones
320 1029 491 1115 reliquisse
504 1050 634 1094 censeas
641 1055 652 1113 3
675 1034 833 1097 accusatio
854 1035 940 1097 enim
950 1052 1084 1120 peccata
1101 1052 1133 1100 et
1153 1040 1229 1104 vitia

100 1135 215 1221 siqua
238 1135 424 1211 commissa,
451 1137 649 1220 persmnxit,
671 1135 817 1200 defensio
840 1159 920 1223 quae
943 1138 1027 1203 hona
1051 1142 1126 1205 inde
1156 1159 1229 1207 nata

100 1261 261 1327 quemque
284 1240 383 1304 totius
401 1239 509 1326 operis
526 1262 633 1303 mens
635 1236 732 1302 finem
752 1242 813 1304 sibi
838 1241 967 1309 finxerit
988 1266 1152 1331 exponens
1173 1240 1228 1312 illa

96 1345 242 1408 refutare
258 1359 411 1426 conatur3
434 1345 580 1428 exempla
592 1324 689 1409 multa
703 1346 787 1430 apud
800 1348 1028 1448 Thucydidem,
1050 1366 1086 1414 ut
1099 1353 1228 1421 Cleonis

99 1449 288 1531 etDiodoti.

184 1558 235 1617 Ex
253 1554 346 1617 libris
367 1549 408 1614 dc
427 1553 589 1619 rhetorica
612 1569 680 1618 arte
702 1569 825 1639 sumpta
846 1571 919 1620 sunt
938 1579 1019 1644 quae
1036 1560 1227 1625 Aristoteles

94 1659 193 1724 Rhet.
215 1664 269 1725 111.
284 1667 336 1729 11.
348 1682 420 1745 pag.
438 1665 512 1730 189.
525 1659 637 1722 hahet:

227 1787 285 1910 api
303 1780 376 1854 τῶν
389 1777 669 1871 ἀποφθεγμάτων
687 1783 725 1852 δὲ
738 1779 784 1853 τοὶ
803 1776 1033 1856 detardetur
1046 1786 1080 1856 ἓν
1096 1785 1162 1860 τοῦ
1176 1787 1222 1879 μή

227 1882 250 1960 ὅ
268 1911 354 1978 φησι
367 1885 530 1976 λέγειν’
494 1905 571 1959 otor
588 1914 628 1957 το
643 1912 706 1956 τον
694 1882 974 2018 Στησιχόρουα
952 1917 1009 1963 οτι
1026 1891 1061 1961 οἱ
1080 1893 1223 1981 τέττιγες

227 1991 364 2073 Ιετιυτοῒς
383 1986 539 2078 χαμόθεν
567 1986 721 2079 deamat.
754 2000 811 2063 ναι
834 1992 877 2062 τοὶ
906 1985 947 2064 εὖ
969 1989 1134 2094 ηνιγμένα
1161 1996 1224 2066 tat
1289 2077 1291 2082 .

225 2096 265 2168 τὸ
281 2092 367 2168 adso
359 2091 477 2188 ἡδέα·
493 2090 645 2185 μάθηοις
655 2095 720 2187 γάρ
733 2125 790 2166 και
783 2099 934 2187 λέγεται
950 2096 1141 2201 μεταφορά.
1163 2105 1237 2199 anis

224 2191 622 2291 ολὲγειΘΕΟΔΩΡΟΣ
651 2199 697 2270 τό
721 2229 859 2271 καινα
891 2202 1049 2293 λέγειν’
1075 2208 1224 2294 γίγνεται

226 2298 304 2377 de*“
281 2332 368 2378 οταν
387 2295 631 2399 παραδοξον]
607 2331 627 2370 r
653 2308 712 2374 καὶ
729 2304 785 2396 μή,
809 2333 854 2387 ως
874 2307 997 2388 ἐκεῖνος
1021 2309 1116 2397 λέγει,
1137 2310 1224 2399 πρὸς

226 2408 289 2502 τήν
306 2411 499 2498 ἔμπροσθεν
519 2404 637 2493 δόξαν·
658 2403 774 2478 αλλ’τ
752 2434 863 2499 ωσπερ
882 2411 918 2480 οἶ
934 2412 971 2482 ἐν
989 2421 1060 2494 τοῖς
1077 2417 1222 2501 γελοίοις

224 2514 268 2585 vd
305 2513 620 2605 προπεπονημένα·
658 2507 740 2601 ὅπερ
776 2510 924 2585 δύναται
960 2519 1018 2584 καὶ
1052 2516 1096 2586 τοὶ
1125 2516 1223 2606 παροὶ

223 2615 362 2709 γράμμα
376 2613 570 2704 σκώμματα·
595 2616 749 2704 ἐξαπατᾷ
763 2615 838 2706 γάρ.

180 2744 353 2808 Oratorem
371 2740 506 2803 maxime
530 2740 565 2800 in
581 2741 740 2825 principio
764 2756 798 2806 et
816 2737 880 2802 fine
900 2740 994 2805 valde
1011 2744 1220 2806 exercitatum

90 2865 126 2914 et
145 2850 349 2935 eloquentem
377 2865 448 2907 esse
473 2865 526 2906 res
558 2846 627 2929 ipsa
654 2846 725 2908 fere
751 2843 881 2933 flagitat.
932 2840 1013 2911 Nadn
1036 2838 1091 2935 qui
1120 2846 1220 2912 'verba

90 2974 251 3041 quaereus
265 2951 543 3036 elegantioresque
565 2964 739 3015 structuras
755 2949 795 3012 ad
812 2951 992 3035 auditorum
1011 2954 1132 3017 animos
1150 2955 1219 3017 aili-

90 3055 225 3123 ciendos
251 3057 356 3120 statim
384 3055 418 3116 iu
444 3053 596 3117 orationis
619 3056 712 3118 initio
732 3054 867 3118 haesitat
894 3058 956 3118 n'ec
981 3078 1120 3143 pergere
1146 3060 1215 3136 scit,

56 3243 59 3247 .
89 3162 132 3226 de
159 3162 222 3225 hoc
248 3161 310 3224 iarn
339 3173 443 3224 actum
476 3173 534 3235 est,
563 3161 779 3246 citissimeque
807 3174 876 3223 erat
902 3160 1124 3225 decedendum
1154 3165 1217 3228 nisi

90 3267 280 3352 Scytharum
296 3265 422 3329 'honore
441 3265 496 3350 qui
517 3286 590 3328 eum
607 3264 785 3357 deficerent
804 3265 929 3352 dignari
948 3268 1048 3329 vellet
1064 3264 1111 3349 45).
1156 3272 1215 3332 Ita.

88 3374 153 3462 que
172 3373 303 3445 multam
320 3369 395 3433 dare
415 3368 575 3433 debebant
587 3384 715 3434 veteres
730 3389 861 3455 operam
879 3391 952 3433 cum
968 3370 1052 3432 hene
1074 3373 1216 3437 exordiri

86 3476 283 3566 perdifficile
310 3477 352 3539 sit
375 3476 532 3562 pluraque
555 3474 589 3536 id
606 3495 707 3559 genua
726 3472 762 3536 in
778 3489 886 3537 mente
905 3474 1035 3552 habere,
1058 3497 1076 3538 e
1099 3478 1213 3563 quibus

87 3583 175 3672 quod
206 3583 257 3645 rei
283 3580 424 3666 agendae
449 3578 638 3647 conveniret
663 3577 836 3663 eligerent3
873 3581 1024 3644 convenit
1051 3584 1214 3645 autemid

88 3687 257 3752 exordium
283 3684 371 3773 quod
388 3683 552 3768 proposita
570 3683 715 3746 oratione
738 3705 901 3768 nunquam
919 3684 996 3746 alibi
1014 3688 1115 3771 magis
1135 3709 1211 3770 pro·

85 3792 187 3857 fuerit
211 3800 305 3879 quam
332 3790 388 3852 ubi
412 3788 595 3851 collocatur.
641 3786 785 3889 Quodsi
807 3809 882 3851 casu
901 3791 1055 3852 memoria
1081 3791 1211 3869 excidit,

85 3896 174 3963 aliud
194 3896 234 3960 ad
250 3904 361 3959 manus
381 3913 453 3956 esse
468 3890 606 3979 debehat
618 3888 736 3979 quoin
751 3913 821 3956 rem
836 3915 924 3957 suam
943 3894 1104 3958 auditores
1117 3897 1210 3960 indu-

83 4017 185 4078 ceret,
205 3977 266 4065 nec
291 3978 660 4091 mente‚perturbari⁴⁴).
702 3998 876 4063 Prooemio
897 3998 984 4062 'e'nim
1003 4000 1106 4064 oratio
1125 4001 1219 4080 hona¹

84 4107 403 4219 Μ
418 4098 604 4218 adsxenoph.
617 4142 743 4203 anaor.
761 4146 815 4214 111,
830 4153 857 4205 6.

97 4241 143 4309 44)
163 4237 269 4293 Cicero
301 4234 339 4290 de
369 4236 489 4290 oratore
518 4235 557 4300 ΙΙ,
583 4240 628 4291 26·
656 4250 739 4307 seqq.
771 4252 847 4309 quae
880 4233 917 4290 de
946 4237 1112 4293 necessaria
1141 4237 1206 4296 fere

154 4320 338 4400 optimorum
363 4318 515 4380 oratorum
544 4322 576 4378 in
603 4320 783 4381 exordienda
810 4323 945 4381 oratioue
975 4326 1203 4399 perturbatione
