2610 4634
539 275 592 319 ,-
634 240 764 308 41-

85 438 162 480 oum
182 412 394 502 immediata,
414 410 503 485 ἄλλα
521 412 631 486 πολλοὶ
654 417 712 483 καὶ
732 412 818 484 καλά
837 420 917 499 qua'e
937 411 1068 489 fuerint,
1089 414 1124 475 in
1141 416 1213 479 altis

85 524 190 586 latent
202 519 358 607 tenebris,
383 518 440 582 sed
459 519 528 604 ipsa
549 512 734 607 ὄρθοέπεια
752 519 815 583 iam
836 518 975 605 antiquis
991 519 1114 581 incerta
1133 534 1213 604 erat,-

83 626 171 690 la'tae
191 625 278 688 enim
300 606 540 711 significationis
559 623 639 688 haec
660 644 733 698 vox,
767 622 1010 708 comprehendit
1033 624 1120 686 illam
1144 623 1215 697 vaip

85 723 272 818 ὀνομάτων
289 724 460 821 ὀρθότητα
481 729 522 792 de
541 751 603 814 qua
621 728 762 791 Platonis
779 728 931 810 Cratylus,
960 751 999 789 an
1025 751 1142 792 nomen
1165 716 1215 797 rei

86 834 286 901 conveniens
305 835 346 898 sit
361 833 544 919 impositum
561 833 769 917 etymologica
788 833 953 919 inquirens
969 847 1004 895 ut
1021 833 1066 896 ihi
1084 857 1154 921 pag.
1172 843 1215 907 31

85 938 168 1003 ΒῙιῙι·
182 941 244 1015 t'aa
255 938 398 1025 εἰδῶμεν
418 941 447 1009 el
460 931 615 1029 ἄραῆμῖν
626 933 889 1028 ἐπιμαρτυρήσει
902 931 995 1009 caiani
1007 934 1213 1026 adriaticum

86 1044 134 1137 μή
146 1040 241 1116 πάνυ
259 1038 328 1114 a’nd
341 1036 561 1129 ταῦτομάτου
575 1034 686 1122 οὕτως
699 1039 823 1112 ἕκαστα
836 1051 978 1119 κεῖσθαι,
995 1036 1084 1112 ἀλλ’
1100 1045 1213 1131 ’ἔχειν

86 1146 169 1221 πηνα·
182 1140 374 1239 ὄρθόιητας
392 1161 461 1209 tum
472 1167 514 1208 no
527 1147 614 1209 aliud
629 1146 772 1209 eiusdem
786 1147 835 1212 vis
856 1146 1014 1217 inseratur
1024 1149 1214 1216 vocabulum

88 1267 122 1317 et
135 1252 181 1318 ita
194 1251 279 1339 apud
290 1250 536 1336 Aristophanem
548 1256 627 1315 Ran.
642 1274 673 1316 v.
689 1258 781 1320 1188.

232 1376 235 1381 “
263 1364 296 1429 Ε
302 1366 363 1429 ΥΡ
829 1356 891 1445 ἐγώ
908 1352 1043 1446 φράσω

393 1457 457 1546 κζιν
469 1485 537 1532 που
556 1462 655 1542 ow
621 1487 703 1530 etna)
717 1455 846 1532 ταιῖτόν
862 1451 1033 1554 ἢστοιβὴν
1046 1465 1123 1563 ι’δης
1190 1548 1193 1553 p

397 1564 546 1638 ἐνουσαν
560 1565 624 1650 ἔξω
638 1591 699 1635 του
687 1561 828 1656 λόγου,
848 1561 1075 1639 κατάπτυσον.

269 1675 361 1743 ΔΙΟ
399 1671 454 1741 ’aaa
468 1670 509 1762 δη
521 1664 595 1760 lay
640 1696 682 1741 ου
694 1695 779 1760 γαρ
780 1696 912 1741 ιουστιν
923 1664 1031 1739 αλλ
1007 1677 1176 1747 ακουστὲα

276 1817 284 1840 t
395 1775 466 1846 τῶν
480 1774 551 1846 σῶν
562 1770 801 1863 προλόγων
759 1801 818 1866 της
830 1768 1079 1864 ὀρθότητος
1029 1806 1100 1849 των
1113 1779 1213 1852 ἐπῶν.

88 1882 153 1947 hoc
180 1894 230 1945 est
243 1879 377 1945 Prodici
397 1878 564 1945 studium
554 1902 588 1941 ιιι
607 1879 780 1944 verborum
802 1879 1058 1943 discriminandis
1076 1899 1216 1967 potesta-

74 1976 186 2064 'tihita
198 1986 286 2073 quod
300 1980 505 2073 (iehammenna
519 1984 639 2069 optimo
659 1984 729 2046 iure
747 1985 992 2069 nuncupaveris.
1038 1990 1124 2051 Inest
1137 2013 1215 2075 quo-

88 2102 155 2180 que
170 2091 258 2179 'quod
273 2090 486 2191 Quintilianus
499 2091 602 2154 voluit
618 2093 641 2152 Ι.
650 2097 680 2158 5.
693 2111 764 2173 pag.
779 2096 822 2158 60
835 2094 945 2152 Burin.
962 2091 1128 2157 emendata
1145 2115 1217 2158 cum

89 2197 246 2263 suavitate
263 2217 379 2260 vocum
397 2195 584 2279 explanatio,
611 2195 689 2257 item
709 2194 795 2280 quod
813 2195 961 2257 Hermias
978 2219 1049 2281 pag.
1070 2204 1135 2268 192
1148 2201 1218 2264 Ast.

87 2304 293 2393 κυριολεξέα·
313 2300 375 2372 ont
387 2299 450 2390 γάρ
465 2298 535 2371 τῶν
547 2303 673 2389 κυρίων
686 2287 869 2382 dromoni>
884 2297 1064 2392 μετήρχετο
1077 2297 1100 2373 ὅ
1108 2311 1216 2395 Προ-

89 2403 277 2498 ταγόρας
303 2401 485 2492 τὸνλόγον
506 2409 564 2473 καὶ
586 2397 631 2474 ου’
652 2402 710 2472 διὰ
736 2403 946 2493 παραβολῶν
962 2410 1020 2473 καὶ
1039 2408 1229 2487 ἐπιθέτων,-

89 2510 179 2601 quod
200 2507 434 2576 etHeindorfio
453 2524 486 2573 et
498 2509 590 2571 Astio
609 2507 779 2593 probatum
800 2523 848 2571 est
867 2524 899 2571 et
917 2501 992 2571 sane
1008 2512 1218 2598 Protagoram

90 2600 259 2703 apoetica
283 2616 464 2679 Siculorum
491 2613 674 2701 eloquentia
699 2612 902 2676 abhorruisse
940 2602 1035 2676 facile
1063 2619 1217 2707 concedo.

91 2724 174 2787 Cum
192 2722 227 2784 in
247 2720 390 2787 Platonis
408 2722 482 2783 loco
505 2742 599 2804 supra
616 2712 772 2805 ὄνόματὰ
786 2714 980 2804 Λικύμνεια
1001 2738 1220 2786 memorentur

91 2843 127 2892 et
147 2827 188 2890 de
207 2810 340 2911 singulis
359 2824 455 2889 modo
473 2846 554 2910 quae
574 2824 786 2908 sophistarum
800 2823 934 2909 quisque
950 2822 990 2885 ad
1005 2827 1218 2891 exornandam
1247 2831 1249 2834 ’

91 2933 272 2999 orationem
298 2930 470 2995 contulerit
502 2950 606 2991 sermo
631 2929 681 3003 sit,
705 2929 825 2991 minuta
845 2927 1008 3015 quaedam,
1034 2928 1105 2992 non
1121 2946 1220 2996 totam

92 3028 308 3101 elocutionem
322 3049 453 3110 rectam,
472 3033 789 3120 quaeThrasymachi
799 3016 908 3116 potius
919 3055 1013 3118 quam
1024 3038 1221 3123 Protagorae

91 3142 164 3217 fuit,
178 3140 314 3226 intelligi
327 3153 468 3225 apparet,
478 3138 564 3225 quod
576 3139 681 3224 ipsum
689 3138 833 3202 additum
844 3160 1024 3222 pronomen
1036 3134 1221 3231 ὅρθοέπὲιά

90 3273 157 3328 τις
189 3245 265 3308 satis
298 3244 428 3308 indicat.
471 3246 677 3334 Κυριολεξία
710 3264 789 3307 vero
819 3266 914 3330 quam
940 3245 1108 3308 scholiasta
1133 3249 1219 3324 vult,

91 3351 240 3415 omnibus
268 3350 392 3435 graecis
422 3348 632 3435 scriptoribus
662 3370 763 3434 usque
789 3349 829 3411 ad
846 3350 1026 3412 Siculorum
1054 3352 1220 3415 rhetorum

91 3456 235 3546 Athenas
248 3455 419 3520 adventum
425 3454 588 3535 Archonte
596 3455 729 3530 Eucleo,
740 3454 795 3540 qui
806 3455 903 3538 primi
916 3454 1056 3517 fucatum
1067 3444 1221 3542 loquendi

92 3566 195 3649 genus
208 3559 400 3635 inferebant,
417 3559 567 3621 solemnis
583 3574 651 3622 erat
667 3580 727 3621 nec
749 3574 784 3622 ut
803 3563 998 3644 Protagorae
1012 3563 1071 3623 soli
1091 3564 1222 3647 propria

79 3664 217 3757 'laudari
234 3678 370 3750 poterat.
415 3666 542 3729 Novum
561 3660 683 3728 addidit
699 3664 945 3727 S'chleiermach
965 3687 1037 3750 pag.
1058 3673 1132 3740 393,
1151 3689 1217 3754 seq.

91 3768 181 3833 Edit.
204 3772 242 3832 Π.
266 3783 430 3833 auctorem
448 3783 609 3854 utsupra,
633 3769 729 3833 itaet
753 3770 806 3832 hic
830 3769 869 3831 de
887 3769 997 3834 verbis
1016 3771 1221 3848 technicis,a

90 3875 306 3973 Protagora
296 3898 330 3937 ιιι
350 3888 451 3936 artem
468 3873 668 3950 introductis,
695 3854 784 3960 loqui
800 3889 924 3958 putans
971 3875 1036 3937 Sed
1058 3879 1221 3963 quaeritur

93 4004 171 4045 num
190 4000 304 4067 graeca
321 4001 389 4075 νος
401 3966 465 4043 hoc¹
468 3974 666 4067 significare
684 3979 804 4065 possit,
815 4001 920 4065 neque
941 3981 1093 4043 orationis
1111 3999 1220 4077 partes

74 4068 77 4073 ¹
94 4084 217 4151 Plato
200 4101 312 4159 notare
321 4086 357 4147 in
367 4084 472 4148 animo
486 4084 608 4169 hahuit3
631 4086 779 4148 Socrates
793 4086 877 4146 enim
888 4084 1081 4164 Phaedrum,
1095 4111 1149 4174 qua
1140 4089 1220 4152 tale

94 4191 173 4281 quid
186 4191 364 4277 'arbitratus
382 4205 440 4266 est,
465 4190 542 4278 quid
556 4194 748 4275 Protagoras
767 4191 964 4275 praestiterit
979 4192 1082 4256 docet.
1127 4195 1219 4257 Unde

94 4288 289 4363 aliud'Plato
302 4295 381 4361 mihi
391 4296 531 4363 voluisse
552 4294 681 4362 videtur
700 4292 787 4380 quod
802 4297 894 4383 quale
909 4296 958 4373 sit,
978 4297 1012 4359 ni
1025 4320 1219 4383 magnopere
