2610 4634
511 215 512 218 Ἴ
540 258 583 317 ἡ·
617 242 708 295 rut
749 260 792 277 ·-

14 474 16 479 ,
115 376 179 483 silrt
199 403 334 470 collecta
353 425 485 470 necesse
504 420 570 488 est3
592 420 668 470 tnnc
696 406 781 471 enim
798 405 918 472 maiore
937 405 1044 477 fructu
1070 408 1230 505 orationes

113 528 308 613 perscrutari
323 528 400 592 licet
416 542 449 591 et
467 517 705 599 rariusnostras
722 529 888 614 opiniones
902 544 1047 601 veterum
1064 532 1136 597 loco
1151 553 1228 597 ven·
1254 549 1272 570 ⁸

114 648 235 714 tlemus.
279 651 375 750 Qua
365 674 400 713 ιιι
413 671 450 715 re
466 652 517 716 via
536 650 629 715 nobis
646 652 780 728 munite,
803 666 837 714 et
856 674 882 714 ιι
872 652 979 715 haec
1000 675 1065 717 non
1085 655 1228 719 exomni

112 787 204 857 parte
227 772 454 857 improbantur,
477 775 607 837 alteram
606 772 851 882 aggrediemur
874 774 1034 867 rationem
1055 796 1121 873 non
1155 784 1227 853 tam,
1272 839 1277 844 .

15 882 20 893 ’
113 893 200 983 quod
213 893 399 980 quibusdam
411 894 564 971 videatur,
587 873 718 959 accessu
733 895 907 959 facilemz'
898 918 932 957 ιιι
949 899 1097 963 Isocrate
1101 878 1229 983 quidem

43 1014 45 1018 ’
115 1016 170 1104 qui
191 1030 292 1085 artem
311 1030 447 1081 ostentat
469 1039 584 1103 quem
581 1017 615 1081 in
636 1017 705 1085 eliis
731 1031 766 1086 ut
782 1014 977 1102 Antiphonte
997 1033 1032 1081 et
1048 1019 1151 1101 Lysia
1161 1041 1236 1089 eam

115 1137 334 1214 condentibus,
356 1137 481 1200 felicius
505 1158 575 1200 rem
594 1159 749 1245 geremus.
794 1139 937 1215 Omnino
956 1140 1074 1219 multi
1065 1141 1231 1205 inveniun

112 1274 165 1324 tnr
184 1258 281 1323 loci
271 1281 305 1321 ιιι
326 1246 419 1323 buius
440 1236 635 1361 orationibus
655 1259 769 1349 quibus
789 1260 829 1337 de
846 1283 901 1326 sna
921 1276 1023 1355 artem
1045 1261 1182 1329 docendi
1199 1277 1232 1326 et

116 1356 298 1468 exponendi
313 1381 436 1446 ratione
457 1382 611 1453 certiores
629 1403 690 1447 nos
708 1382 886 1469 saeuitque
899 1383 1005 1470 quid
995 1405 1064 1469 ipse
1078 1383 1119 1446 de
1134 1383 1231 1447 rebus

73 1544 76 1555 ι
116 1504 201 1569 baud
216 1488 326 1589 paucis
345 1495 561 1571 controversis
582 1504 719 1585 senserit
741 1502 911 1568 ostendunt
934 1527 1014 1593 quos
1032 1505 1066 1581 in
1083 1505 1143 1569 bac
1165 1507 1231 1568 col-

116 1615 254 1733 lectione
275 1634 443 1731 congestos
466 1647 531 1688 non
557 1647 630 1718 esse
648 1624 711 1690 viri
732 1624 819 1707 docti
841 1626 975 1690 maxime
997 1627 1231 1727 vituperabunt,

116 1768 220 1835 neque
248 1749 371 1813 iniuria.
415 1749 475 1825 Illo
498 1769 576 1814 vero
602 1762 746 1831 tempore
767 1748 827 1811 hos
851 1763 916 1839 tam
937 1749 1043 1835 magni
1068 1748 1231 1812 faciendos

115 1890 272 1933 essenon
294 1869 437 1948 intellexi
458 1868 561 1933 donce
575 1868 712 1963 lectione
732 1868 857 1955 saepius
879 1871 1030 1956 repetita,
1054 1892 1134 1956 quae
1156 1870 1231 1932 inde

116 1991 251 2057 evadant
265 1992 411 2078 cognovi.
455 1993 547 2054 Nunc
565 1990 662 2076 igitur
679 1991 783 2057 omnia
801 2011 881 2077 quae
896 1990 946 2081 ibi
961 1990 1104 2078 dispersa
1120 1993 1232 2078 legun-

116 2128 178 2189 tur,
202 2111 319 2177 afferre
336 2113 465 2201 possim,
489 2112 547 2175 sed
559 2133 675 2177 vereor
694 2133 735 2174 ne
756 2134 849 2198 quam
864 2134 925 2197 pro
945 2113 1144 2209 praefatione
1161 2115 1230 2188 lon-

116 2235 188 2323 gior
206 2235 373 2299 futurus
349 2249 457 2299 simet
476 2234 679 2327 specimen
658 2235 796 2298 iuvenile
815 2210 883 2296 boc
895 2256 965 2298 esse
979 2235 1128 2300 benevoli
1142 2216 1231 2307 tenc-

52 2376 57 2395 ¹
115 2373 170 2421 ant
196 2360 345 2466 lectores
388 2356 520 2421 Aliud
510 2370 616 2442 itaque
644 2356 685 2420 de
715 2355 828 2420 eodem
853 2369 982 2448 auctore
1017 2357 1141 2447 quod
1131 2378 1232 2442 ipsam

115 2476 268 2544 orationis
294 2456 557 2564 compositionem
580 2477 739 2566 attingit
727 2477 898 2541 doceamus
916 2479 1050 2574 quibus
1051 2479 1134 2543 dicta
1159 2503 1231 2567 pag.

116 2607 179 2673 161
195 2616 260 2690 not·
273 2607 326 2672 96
348 2601 572 2691 corrigantur.

120 2744 128 2759 “
204 2730 300 2857 Quod
319 2756 349 2821 si
372 2751 480 2843 maeri
502 2757 675 2840 scriptores
696 2755 791 2843 fecile
816 2755 971 2820 vocalium
988 2724 1091 2819 hiatus
1113 2746 1235 2834 fetum

74 2946 76 2951 ,
117 2896 149 2946 at
180 2876 330 2945 Isocratis
357 2879 549 2957 tenuissimas
576 2878 669 2940 aures
698 2876 761 2939 hos
786 2876 1002 2961 maximopere
1028 2877 1166 2963 fugisse,-
1199 2894 1233 2941 et

117 3017 242 3068 veteres
265 3001 340 3064 satis
362 3000 454 3063 multi
474 3021 542 3062 rem
562 3013 673 3062 notatu
695 2997 780 3062 haud
802 2997 963 3084 indignam
986 2999 1114 3062 uadunt
1138 3001 1233 3063 etad

116 3127 353 3207 Hermogenem
369 3141 470 3206 nsque
490 3120 543 3183 hie
556 3119 912 3185 animadvertebaturiu
925 3120 1120 3185 orationibus
1136 3125 1231 3197 nitor,

114 3247 169 3333 qui
182 3243 262 3308 dicit
277 3265 349 3328 pag.
362 3247 425 3311 111
444 3241 516 3305 Ald.

146 3395 149 3402 Ι
185 3430 191 3461 l
241 3414 333 3488 κῶλα
355 3418 393 3487 δὲ
413 3414 694 3502 κικαλλοιιισμὲνα
716 3404 819 3504 φύσει
840 3416 902 3501 μὲν
929 3415 973 3486 soi
1002 3418 1144 3505 μετρίαις
1168 3446 1234 3502 μα-

245 3535 386 3627 κρότερα
408 3541 438 3608 el
459 3534 503 3633 τῇ
526 3530 674 3629 συνθήκῃ
703 3534 749 3628 μὴ
779 3538 936 3626 διέστηκε·
965 3531 1045 3630 μήδ’
1073 3539 1124 3627 εἴη
1154 3534 1234 3628 σύγ.

246 3663 381 3750 κρουσίς
402 3685 455 3740 τις
482 3659 520 3728 ἐν
547 3651 667 3738 αὐτοῖς
695 3659 910 3748 φωνηέντων,
945 3652 1030 3729 ἄλλα
1060 3661 1234 3745 συνέχοιτο
1282 3660 1286 3668 ’

248 3778 422 3855 πάντοθεν
455 3790 527 3861 τοῖς
559 3774 758 3867 συμφώνως
792 3775 850 3851 οἷά
886 3781 958 3850 ἐστι
976 3785 1043 3891 'sul
1071 3780 1113 3850 ’τᾶ
1141 3774 1235 3853 ’loo-

249 3900 433 3994 κράτους
453 3891 499 3974 αὖ
518 3927 554 3992 γε
576 3894 621 3972 oo’
640 3895 749 3987 μόνον
768 3899 813 3970 ταὶ
841 3899 932 3971 uuila
962 3902 1136 3988 συνέχεται
1164 3913 1236 3985 τοῖς

249 4021 451 4117 συμφώνως
479 4017 565 4103 ἄλλα
591 4025 651 4092 ’καὶ
675 4019 743 4127 παῖς
769 4016 921 4112 ὁλόγος,
944 4021 1113 4095 τοιοῦτον
1141 4018 1237 4115 coepi
1270 4079 1272 4083 .

247 4147 307 4243 τῆς
327 4138 502 4239 euporius
527 4146 585 4215 καὶ
610 4139 674 4239 τοῦ
695 4138 839 4229 κάλλους
866 4143 1031 4236 μεμέληκε.
1048 4150 1155 4243 ταυτὶ
1175 4147 1237 4235 μὲν

252 4268 317 4353 οὖν
338 4264 421 4364 ὅπερ
442 4268 531 4363 ἔφην
549 4263 659 4355 ὄντας
678 4268 920 4361 καλλωπίζεται
943 4265 986 4342 τά
1006 4264 1105 4343 κῶλα.
