2610 4634
555 196 923 310 -o'a.-J

78 394 112 464 ei
126 384 595 480 οἷδενσιίτόξφείσιισντοςδὲ,
608 394 757 477 καὶπῶς,
774 389 948 472 ἀτέλεστος
959 385 1017 461 σίν.
1040 393 1135 452 Haec·
1144 388 1211 449 sin-

80 498 156 583 gula
168 497 421 582 apophtegmata,
444 497 484 560 de
498 485 625 560 Pericle
640 513 772 563 serrata.
797 498 962 559 Clarorum
972 489 1116 560 virorum
1140 494 1210 557 ora-

80 603 188 665 tiones
206 601 246 664 ab
262 602 446 681 rhetoribus
457 601 689 688 posterioribus
702 602 939 664 exercitationis
954 621 1047 663 causa
1063 599 1209 661 elabora·
1243 627 1245 629 ·

49 735 56 746 ·
80 707 197 772 taetel
213 707 282 768 sine
302 707 440 770 auctoris
456 707 584 770 nomine
603 708 837 782 emittebantur,
861 705 945 767 unde
965 706 1085 768 factum
1103 718 1139 765 ut
1157 703 1210 764 alii

82 813 186 896 ipsius
203 811 357 886 Periclis,
391 813 502 874 Niciae
534 813 730 897 aliorumque
762 832 832 872 esse
859 811 919 873 sibi
958 808 1208 895 persuaderent3

82 917 261 980 sententiae
272 916 388 977 horum
410 915 449 978 ad
468 917 544 978 artis
565 931 737 1000 praecepta
757 914 850 978 fictae
871 915 996 998 saepius
1016 913 1100 999 apud
1121 916 1210 974 Her-

80 1040 254 1106 mogenem
270 1035 302 1084 et
316 1021 500 1084 scholiastae
515 1022 673 1106 leguntur.

21 1206 24 1212 Ι
171 1125 355 1189 Alcibiades
370 1149 410 1188 an
428 1126 627 1208 scriptorum
638 1127 678 1188 sit
693 1123 945 1187 adnumerandus
961 1123 1068 1186 ordini
1086 1141 1147 1185 nec
1167 1116 1209 1184 ne

54 1289 57 1295 .
82 1229 234 1316 equidem
268 1231 396 1311 nesci03
432 1230 641 1292 Ruhnkenius
673 1253 743 1331 pag.
773 1230 918 1291 XXXIX.
946 1249 1026 1314 quae
1056 1226 1137 1289 dicit
1169 1225 1209 1287 de

56 1352 58 1363 ·
83 1334 213 1419 Sopatri
234 1336 317 1410 loco,
341 1335 395 1397 vix
413 1335 482 1420 ipse
499 1334 689 1410 crediderit,
713 1336 772 1398 alia
795 1335 910 1396 melio1
931 1333 1022 1395 ratio
1032 1352 1072 1397 ex
1088 1334 1209 1395 Demo-

82 1438 198 1501 sthene
221 1438 333 1502 hausta
355 1454 422 1516 est,·
445 1437 502 1500 sed
525 1439 600 1502 huie
627 1461 754 1527 qnoque
776 1462 841 1501 non
863 1433 1003 1541 multum,
1017 1424 1088 1500 esse
1107 1434 1210 1499 tribn-
1282 1460 1285 1467 ’

85 1541 205 1605 endum
225 1559 258 1606 et
284 1543 458 1605 solemnem
474 1565 545 1606 esse
562 1539 776 1607 formulam“
743 1573 793 1625 ως
808 1567 908 1632 φασι,
930 1556 1020 1605 recte
1037 1543 1100 1603 iam
1117 1542 1210 1603 Butt-

80 1668 216 1708 mannus
224 1647 401 1710 adM1d1an
409 1671 481 1733 pag
491 1657 543 1718 80
553 1652 596 1713 vi(
594 1650 707 1734 1t1pse
717 1650 877 1711 orauones
889 1669 954 1708 non
963 1661 1122 1711 exstrtasse
1132 1664 1209 1706 cen

81 1773 167 1813 sens.
183 1752 333 1814 Fortasse
350 1767 445 1833 tere3
471 1754 527 1813 sed
543 1774 614 1815 cum
621 1775 708 1815 mera
722 1753 762 1814 sit
773 1753 957 1814 coniectura
967 1764 1210 1834 nequeeontra-

63 1850 129 1918 bia
140 1856 250 1940 opinio
264 1858 366 1941 possit
374 1857 509 1919 refutari
524 1858 614 1918 simul
623 1858 695 1922 vani
711 1856 940 1918 illiushominis
949 1855 1078 1939 ingenio
1088 1855 1207 1938 scripta

79 1982 148 2023 non
161 1961 270 2045 inepte
286 1963 487 2034 conveniant,
510 1983 579 2022 rem
592 1977 628 2022 ut
640 1963 795 2024 incertam
815 1963 848 2023 in
863 1960 969 2022 medio
982 1961 1208 2045 relinquamus.

171 2069 241 2127 Hos
260 2066 340 2128 duos
362 2068 504 2153 quamvis
526 2067 606 2128 nihil
625 2067 665 2128 ad
685 2082 829 2128 nostrum
846 2067 967 2129 faciunt
987 2063 1083 2127 finem
1103 2086 1154 2125 me
1174 2063 1216 2127 in.

79 2170 219 2234 transitu
243 2171 386 2256 tetigisse
415 2173 582 2256 ignoscant
607 2173 760 2252 lectorem
784 2171 864 2232 illud
882 2167 921 2233 cle
942 2171 1069 2233 Pericle
1094 2169 1207 2229 melius

82 2290 173 2338 certe
191 2290 260 2338 erat
277 2276 518 2339 ostendendum.
1211 2262 1212 2267 ί

66 2414 68 2418 ·
165 2384 279 2468 ‘ltaque
294 2386 462 2465 antequam
481 2383 660 2444 Siculorum
679 2381 786 2442 schola
801 2380 942 2442 Athenas
957 2363 1107 2454 venisset,
1124 2376 1208 2462 apud

82 2488 227 2548 Graecos
245 2487 456 2570 sophistarum
476 2507 573 2570 opera
588 2509 639 2548 ars
652 2487 790 2548 oratoria
807 2486 924 2546 sensim
944 2485 1083 2559 emersit,
1108 2480 1162 2568 qui
1182 2483 1209 2542 si

82 2590 136 2653 cui
150 2592 281 2667 vellent,
303 2593 390 2676 quod
402 2592 537 2653 maxime
553 2592 713 2666 volebant,
736 2588 942 2675 persuadere,
967 2591 1051 2651 utin
1069 2585 1207 2648 dicendo

81 2710 191 2759 essent
209 2696 293 2759 bene
311 2697 440 2771 versati,
461 2697 600 2780 primurn
623 2712 692 2759 erat
710 2685 1022 2781 qu0‹l⁵ssagitaretu1·.
1067 2692 1206 2755 Omnino

43 2786 44 2791 ί
78 2801 209 2863 Graeci
231 2802 389 2885 sophistae
410 2817 442 2864 et
471 2824 549 2886 quos
575 2801 709 2863 diximus
733 2800 840 2862 etalii
862 2800 965 2861 minus
981 2799 1156 2875 notirecte
1174 2809 1207 2857 et

83 2905 226 2967 dilucide
246 2907 353 2992 eloqui
375 2909 551 2981 studebant,
576 2921 607 2968 et
629 2907 656 2967 si
678 2928 741 2967 uno
757 2906 912 2969 vocabulo
933 2904 1037 2966 omnia
1061 2921 1207 2985 eompre-

79 3010 268 3096 hendamus,
293 3000 409 3074 Gracci
429 3006 701 3101 ὄρῧοὲισεισν,
717 3010 815 3074 Siculi
840 3004 1043 3081 εὐέπειαν
1064 3008 1208 3070 elabora-

80 3117 168 3190 bant,
193 3112 250 3177 sed
262 3117 422 3200 posterius
440 3117 502 3178 iam
519 3117 611 3178 latins
629 3117 691 3178 crit
706 3116 996 3179 demonstrandum.

139 3204 142 3209 Ι
168 3222 337 3284 Maximam
358 3210 497 3284 omnium
519 3224 652 3307 gloriam
671 3222 821 3285 facultate
842 3245 897 3284 sua
911 3219 1064 3306 loquendi
1082 3238 1208 3281 assecu-

79 3339 132 3388 tus
147 3315 196 3387 est
212 3326 348 3411 Gorgias
361 3326 573 3390 llarmautidis
592 3325 685 3402 filius,
710 3318 883 3412 discipulus
898 3328 1014 3401 Tisiae,
1038 3339 1208 3410 quemtum

79 3431 220 3514 primum
233 3451 306 3492 cum
321 3432 513 3517 legationem
528 3433 562 3494 in
575 3433 698 3516 patriae
712 3455 787 3496 suae
799 3434 949 3496 auxilium
962 3431 1095 3494 obiisset
1108 3428 1208 3492 Athe-

38 3552 46 3569 ι
80 3556 139 3596 nas
154 3526 458 3622 uenisse-'Diodorus
473 3539 542 3612 XII,
557 3544 608 3605 53.
622 3539 696 3601 loeo
710 3554 787 3604 neto
806 3556 839 3603 et
856 3522 1056 3609 memorabili
1069 3538 1120 3600 his
1134 3558 1207 3602 ver·
1226 3545 1227 3548 ’

79 3638 131 3700 bis
144 3653 297 3723 testatur3
667 3658 668 3661 ’

165 3737 235 3814 Ἐπ’
247 3741 582 3835 ἅρχοντοςΕιίκλὲους
598 3802 621 3816 ..
634 3802 640 3816 .
655 3737 742 3817 uacci
749 3751 909 3819 Σικελίαν
918 3757 1100 3819 Λεοντῖνοι
1112 3749 1208 3816 Χαί-

71 3849 218 3918 reditur
228 3850 289 3935 μὲν
315 3847 410 3931 σ’ντες
430 3848 593 3933 ι’ίτσοικσι,
620 3863 786 3942 σιγγενεῖς
809 3857 846 3924 δὲ
873 3846 1097 3943 Ἀθηναίων
1087 3852 1209 3936 ἔτυχον

81 3949 151 4025 dno*
163 3959 417 4043 Συρακουσίων
436 3953 587 4043 helenoti
588 3984 686 4044 μενοι
719 3954 912 4046 πιεζόμενοι
939 3959 976 4028 δὲ
996 3986 1044 4048 tua
1031 3954 1167 4041 πολὲι
1154 3983 1206 4053 μιν

80 4072 137 4128 κάν
130 4057 277 4127 διτί““
238 4087 300 4150 την
316 4055 486 4151 ιίπεροχὴν
505 4058 575 4130 τῶν
588 4052 835 4148 Συρακόσσίσιν
849 4057 1102 4142 κινδυνεύοντες
1119 4055 1209 4129 citti-

72 4172 141 4232 ’ναι
156 4160 242 4232 κατ’σῖ
248 4154 386 4251 κρίτος,
400 4164 490 4247 εξέπε
490 4182 592 4255 μψιιν
603 4167 802 4302 medopam
772 4194 819 4248 εις
829 4168 892 4250 τσίς
897 4163 1055 4259 ’Abrincas
1068 4160 1209 4250 σίξιόιίν-

82 4270 135 4349 tir
144 4260 211 4339 τὀν
223 4267 334 4360 δῆμσν
345 4265 521 4361 βοηθῆσαι
535 4269 598 4363 τήν
619 4276 781 4362 ταχίστην
807 4277 864 4342 καί
880 4272 943 4364 τήν
955 4268 1092 4346 πόλιν
1075 4265 1210 4342 ναυτῶν
