2610 4634
527 215 764 279 -117-

213 387 513 474 παρακείμενα
536 380 833 456 αἰσθάνεσθαι
860 385 967 455 κατὰ
996 381 1130 473 φύσιν
1153 383 1233 467 si-=

195 490 198 495 ’
218 519 291 562 ναι
313 485 424 580 ἡμῖν·
446 489 557 578 nopai
582 486 719 580 φύσιν
744 492 787 559 δὲ
809 490 854 561 τὸ
878 487 1114 578 φυλάττειν
1134 483 1205 558 od-

215 594 300 665 τῶν
340 593 531 666 ἐκποδῶν
577 596 818 682 γενομένων
867 590 1020 684 ἐ”νίιργῆ
1066 590 1207 665 πόθον

216 692 315 770 ὅθεν
344 699 490 789 ἐπειδὴ
521 699 635 789 νεαροὶ
663 695 797 786 φύσιν
826 701 944 769 ἐστὶν
968 698 1020 769 'vd
1048 725 1205 789 μνημο-

104 869 106 872 ,
220 801 371 880 νεύειν,
393 799 415 894 ἡ
437 810 626 894 φροντὶς
647 808 714 872 καὶ
737 800 919 892 ἄσκησις
940 799 1177 892 κράτιστον

83 911 183 973 Aliud
200 911 414 995 fragmentum
437 910 555 994 legitur
575 907 659 991 apud
675 907 878 970 ammonium
892 910 964 995 pag'.
987 916 1058 976 127.
1075 907 1207 975 Valten.

189 1011 192 1015 ’
217 1022 365 1146 Spiraion
382 1019 440 1082 καί
469 1008 650 1102 Τεκμήριον
670 1014 837 1102 διαφέρει·
855 1008 1078 1084 ἈΝΤΙΦΩΝ
1102 1014 1139 1083 ἓν
1168 1011 1212 1111 τῇ

176 1121 332 1214 τέχνῃ;
361 1117 412 1186 τοὶ
437 1119 715 1207 παρῳχημένα
744 1121 939 1208 σημείοις
961 1118 1207 1211 auctoriosa

138 1289 140 1301 ,
217 1253 266 1293 τοι
258 1223 331 1293 δὲ
352 1224 559 1307 μέλλοντα
584 1248 671 1307 ceap
659 1224 844 1312 μηρίοις.

87 1351 170 1417 quae
184 1330 283 1392 verba
296 1343 331 1391 ut
350 1341 473 1390 constat
486 1329 582 1411 longe
604 1325 731 1391 diversa
752 1329 877 1391 ratione
901 1327 1066 1414 distinguit
1085 1304 1209 1391 Aristo·

86 1437 178 1499 telos.
223 1435 320 1496 Plura
352 1431 468 1518 quibus
498 1430 539 1492 dc
566 1433 634 1493 eius
665 1432 818 1494 orationis
842 1433 1059 1515 disponendae
1091 1453 1210 1518 genere

86 1541 221 1626 aliisque
236 1558 316 1624 quae
328 1538 390 1600 hue
406 1537 569 1622 pertinent
583 1536 680 1598 rebus
694 1538 815 1600 certior
829 1535 896 1612 fias,
917 1560 956 1600 ex
970 1539 1020 1599 his
1032 1539 1123 1599 libris
1144 1558 1209 1598 non

85 1646 249 1730 leguntur.¹
1195 1628 1198 1633 ¹

129 1798 132 1803 .
176 1749 270 1810 Licet
293 1748 356 1810 hoc
380 1748 453 1824 loco
477 1743 692 1808 odniecturam
715 1766 903 1829 expromere
932 1768 1012 1833 quae
1039 1748 1099 1810 etsi
1123 1762 1211 1810 certa
1245 1794 1248 1803 f

86 1856 211 1917 ratione
233 1850 354 1913 firmari
387 1851 508 1936 nequit,
534 1851 792 1935 probabilitatem
821 1865 927 1914 tamen
955 1853 1098 1914 maxime·
1121 1853 1212 1937 sequi
1288 1869 1298 1886 ⁴

86 1960 225 2024 ridetur.
270 1959 351 2019 Nam
369 1937 471 2041 prima
484 1955 614 2019 exordia
627 1954 864 2018 exercitationis
877 1957 977 2042 magis
992 1959 1115 2021 calcant
1128 1952 1238 2020 viam'''

89 2087 184 2151 quam
200 2062 344 2128 theoriae
364 2082 443 2146 quae
460 2061 577 2145 sensim
598 2076 698 2124 artem
713 2061 872 2123 asciscens
895 2075 928 2123 et
942 2062 1086 2146 exempla
1107 2083 1211 2124 remo·
1277 2103 1279 2107 ·

89 2191 170 2235 vens
188 2171 278 2254 leges
298 2167 377 2241 sert,
404 2181 439 2228 ut
460 2189 553 2251 supra
573 2166 606 2226 in
622 2179 784 2229 oratorum
803 2188 894 2227 usum
912 2166 1076 2250 prooemia
1091 2181 1123 2229 ct
1146 2167 1212 2252 epi·

88 2279 182 2361 logos
196 2273 355 2335 elaborata
379 2269 525 2345 vidimus,
544 2291 606 2332 nee
622 2271 691 2334 falli
705 2269 844 2332 arbitror
863 2271 917 2356 qui
931 2272 1074 2355 priorum
1090 2270 1131 2335 de
1145 2286 1226 2335 artes

87 2383 190 2445 libros
213 2400 278 2439 non
296 2376 401 2438 minus
420 2376 528 2438 multis
550 2376 704 2457 exemplis
726 2396 820 2459 quam
841 2375 962 2460 regulis
983 2379 1019 2438 et
1031 2376 1214 2461 praeceptis

89 2488 204 2570 plenos
230 2483 329 2546 fuisse
362 2495 510 2555 statuam,
540 2479 629 2542 cuius
655 2479 704 2565 rei
723 2474 902 2564 'vestigium
928 2481 981 2542 vel
1010 2481 1044 2560 in
1063 2481 1211 2544 Phaedro

90 2589 184 2655 nobis
201 2599 330 2666 =r'estat3
365 2599 491 2649 veteres
517 2586 601 2646 enim
627 2606 692 2646 non
722 2583 818 2648 modo
839 2584 929 2668 leges
957 2598 989 2646 et
1014 2587 1212 2670 praescripta

92 2694 170 2758 dare
200 2693 397 2776 aliorumque
435 2709 579 2751 severam
616 2710 711 2774 agere
748 2709 925 2762 censuram,
953 2688 1010 2751 sed
1041 2690 1103 2773 ipsi
1135 2691 1213 2779 quid

88 2799 215 2889 possint
235 2808 397 2880 praestare
419 2795 564 2876 exemplo
587 2794 656 2856 aliis
677 2793 847 2892 ostendere
869 2794 989 2873 solent3
1010 2794 1069 2857 hae
1090 2795 1213 2858 ratione

61 2924 65 2931 “
90 2909 249 2967 Isocrates
262 2899 450 2984 perstringit
462 2898 675 2981 Polycratem,
700 2898 827 2980 Lysiam
838 2900 940 2973 Plato,
961 2921 1025 2985 quo
1045 2899 1165 2962 sactum
1178 2915 1217 2977 ut·

89 3008 251 3073 neminem
265 3006 319 3092 qui
335 3003 488 3089 usquein
508 3002 581 3066 foro
594 3023 699 3088 neque
715 3002 749 3063 in
764 3004 1023 3085 causis‘multum
1041 3020 1126 3068 esset
1140 3026 1211 3091 ver.
1243 3044 1246 3048 »

91 3129 192 3187 satus,
212 3124 312 3173 artem
333 3109 539 3174 conscribere
563 3106 705 3181 auderet,
723 3105 762 3169 ad
778 3107 951 3171 Alexandri
967 3131 1068 3195 usque
1089 3125 1235 3197 tompus¹

90 3219 235 3283 invenias
241 3245 252 3295 ,·
296 3217 451 3277 Isocrates
472 3215 558 3275 enim
582 3212 657 3274 huic
679 3213 852 3275 sententiae
870 3235 935 3276 non
956 3216 1135 3278 contrarius
1156 3230 1214 3278 est.

91 3328 157 3389 Iam
181 3298 276 3406 supra
298 3319 477 3383 monuimus
495 3318 703 3380 Aristotelem
728 3337 854 3380 causam
885 3319 1041 3404 quandam
1064 3335 1156 3383 acute
1183 3331 1216 3384 ct

69 3428 216 3520 ,doctea
235 3427 355 3488 Corace
376 3439 409 3487 et
424 3422 511 3485 Tisia
526 3423 618 3493 ἐν’
581 3448 681 3518 τεχνη
708 3435 872 3485 tractatam
888 3438 1010 3500 notare,
1033 3446 1128 3513 quam
1149 3447 1215 3488 non

90 3533 187 3597 modo
213 3529 308 3593 nudis
339 3526 526 3629 quibusdam
554 3526 734 3645 praeceptis
769 3527 883 3612 quibus
912 3545 999 3591 esset
1021 3531 1214 3617 peragenda,

91 3638 149 3701 sed
173 3637 316 3701 oratione
339 3634 449 3709 etiam,
479 3630 668 3718 quaomnia
695 3630 833 3694 dilucide
863 3650 1103 3752 expoperentur
1123 3651 1155 3698 et
1180 3638 1215 3698 in

90 3757 258 3826 utramque
272 3754 397 3823 partem
417 3736 624 3805 callidissime
641 3735 885 3813 dissererentur,
897 3739 987 3801 utin
1002 3739 1105 3802 nostri
1123 3741 1213 3805 vide.

90 3869 161 3911 mas
199 3846 334 3910 oratoris
369 3841 660 3922 declamationibus,
696 3843 878 3906 constitisse
913 3843 992 3906 milri
1026 3865 1214 3928 persuasum

88 3927 204 4018 babeo.
248 3950 376 4013 Similes
406 3968 460 4010 res
483 3946 655 4011 exornabat
674 3947 838 4033 Antiphon
857 3961 889 4011 et
914 3968 986 4031 cuns
1006 3949 1074 4021 eius
1098 3951 1214 4036 τέχναι

85 4058 266 4147 ῥητορικαὶ
286 4050 423 4139 spissum
442 4053 573 4137 fuerunt
596 4074 676 4137 opus
692 4054 795 4117 tribus
818 4052 858 4116 ad
877 4052 1041 4115 minimum
1064 4069 1213 4120 constans

88 4161 192 4235 libris,
217 4160 356 4248 μελέτας
382 4178 511 4247 ,quoque
544 4159 578 4220 in
597 4150 679 4221 lianc
702 4176 772 4222 rem
794 4158 1001 4243 conscriptas,
1025 4161 1211 4247 tetralogias

87 4280 175 4350 puta,
199 4286 273 4329 eum
296 4263 472 4331 inseruisse
494 4277 582 4347 puto,
618 4282 712 4350 quse
726 4262 813 4350 quod
837 4262 870 4327 ci
894 4260 1028 4352 quadam
1054 4287 1114 4351 qua
1141 4265 1211 4349 ipse
