2610 4634
578 218 806 284 -1g-

214 386 376 479 Orationis
398 382 640 483 dispositioqes,
663 385 899 473 figurarumque
923 400 998 468 apta
1014 398 1046 446 et
1066 384 1246 473 necessaria

128 476 209 555 ratio
226 516 244 556 a
265 458 437 579 sophistis
427 505 555 559 inventa
571 492 734 587 plerisque
750 490 884 579 probata
907 489 947 553 ad
960 489 1131 554 novissima
1144 509 1245 575 usque

127 611 273 683 tempora
293 584 465 705 diligenter
481 610 612 659 tractata
634 596 785 662 millies
776 618 810 657 m
836 594 953 657 scholis
979 590 1243 672 decantabantur,

102 700 285 785 'superiori
304 690 431 764 demum
449 715 481 763 et
502 715 610 764 nostra
624 715 728 763 aetate
747 701 886 763 omnium
899 699 1063 763 rhetorum
1073 712 1245 783 praecepta

128 828 192 868 non
209 805 305 868 modo
322 827 393 873 non
401 805 590 881 necessaria,
603 803 661 867 sed
674 824 777 868 meras
792 827 892 890 nugas
909 819 941 866 et
956 802 1091 891 ineptias
1104 823 1174 864 esse
1188 801 1248 891 sibi

125 910 326 995 perspexisse
345 910 509 984 videntur,
532 911 622 972 cuius
636 930 729 973 eausa
752 909 852 992 magis
869 909 903 969 in
921 907 1081 971 rhetorice
1099 884 1246 991 neglecta

127 1038 221 1113 quam
250 1016 284 1076 in
308 1015 431 1087 minore
457 1015 572 1099 horum
598 1015 732 1103 utilitate
759 1013 939 1098 quaerenda
967 1028 1032 1094 ιιι,
1066 1012 1184 1075 etenim
1211 1024 1246 1071 ut

130 1120 191 1238 qui
210 1118 374 1182 hominum
393 1094 586 1213 depingunt
591 1106 723 1213 figuras,
747 1119 945 1202 symmetriae
962 1119 1051 1204 leges
1076 1131 1108 1179 et
1131 1116 1248 1232 prima·

127 1223 191 1284 rias
205 1223 350 1321 corporis
367 1223 495 1285 humani
509 1221 712 1308 partesbene
725 1222 868 1315 cognitas
878 1220 999 1305 habere
1017 1235 1153 1306 oportet,
1175 1220 1244 1304 qui-

127 1326 188 1387 bus
201 1326 286 1411 aliae.
301 1314 442 1403 minores
456 1327 661 1415 adaptentur,
684 1347 716 1391 ι.
733 1347 761 1389 c.
785 1341 820 1391 ut
837 1343 904 1391 tres
922 1327 985 1389 sint
999 1327 1111 1410 capitis
1131 1346 1245 1411 aequa-

127 1422 197 1506 les,
209 1431 389 1519 quaeipsae
404 1433 437 1493 in
452 1432 593 1495 minores
609 1412 724 1493 cadant
736 1429 919 1506 divisiones,
933 1431 1100 1516 omniaque
1117 1450 1246 1517 emensa
1269 1510 1272 1515 .

128 1534 259 1618 egregie
279 1536 484 1617 conveniant,
507 1551 541 1601 et
560 1535 614 1621 qui
630 1535 689 1625 liae
709 1535 852 1599 destituti
872 1549 944 1599 sunt
967 1535 1166 1620 cognitione,
1189 1553 1246 1624 ne-

128 1630 299 1758 quidquam
321 1640 488 1735 veritatem
509 1641 689 1737 supprimere
708 1654 862 1717 conantur
879 1660 951 1703 cum
970 1640 1049 1702 haec
1069 1641 1166 1702 totius
1179 1639 1262 1725 pie-i

128 1758 218 1805 turae
242 1740 305 1805 sint
328 1744 549 1815 ιιιιιιιιιιιιιιιιιι
572 1746 619 1807 ιιι
639 1760 748 1833 orator
769 1765 839 1807 rem
857 1745 1017 1808 inventam
1037 1744 1072 1805 in
1093 1743 1246 1817 membra,

128 1869 169 1910 ne
191 1848 390 1933 gravioribus
410 1849 493 1913 levia
513 1850 708 1947 misceantur
722 1864 755 1941 et
770 1864 805 1913 ut
823 1850 923 1913 oratio
949 1847 989 1910 ιιι
1005 1847 1143 1910 hominis
1164 1844 1244 1933 figu-

127 1976 212 2028 ram,
236 1952 269 2013 in
293 1974 354 2039 qua
373 1975 430 2018 suo
444 1926 613 2063 quitiqpae
603 1955 764 2019 invenitur
780 1938 868 2029 loco,
893 1954 934 2017 sit
950 1953 1110 2038 perfecta,
1135 1952 1242 2035 dispo-

126 2072 180 2120 nat
208 2042 621 2151 atecesseest.Picti1rae
642 2056 801 2122 menda
776 2081 803 2120 ιι
821 2081 882 2153 qua
900 2059 1023 2133 insunt,
1052 2057 1230 2153 facilius
1199 2079 1247 2119 vt·

128 2163 231 2238 deris,
254 2146 416 2224 orationis
428 2182 506 2226 vero
527 2150 648 2239 errata,
677 2164 739 2227 nisi
759 2163 927 2225 multum
917 2186 951 2225 ιιι
976 2184 1014 2226 ea
1036 2176 1180 2227 versatus
1199 2182 1245 2234 es,

129 2288 224 2328 sensu
248 2265 347 2350 magis
369 2266 638 2353 comprehendas3
662 2244 772 2333 ridere
796 2268 890 2345 enim
902 2281 951 2330 est
976 2268 1146 2355 cuiusque,
1168 2289 1245 2350 pau-

44 2374 46 2380 '
127 2393 238 2433 corum
258 2371 387 2433 sentire
432 2372 541 2470 Quare
561 2395 618 2469 qm..
635 2360 730 2435 nullis
743 2386 792 2435 est
808 2360 948 2451 imbutus
967 2372 1091 2457 legibus
1109 2385 1141 2433 et
1156 2391 1249 2455 prae-

128 2462 244 2561 ceptis,
267 2476 480 2565 eloquentiam
498 2477 653 2563 attingere
668 2482 789 2563 potest,
812 2478 907 2541 immo
919 2476 1017 2539 multa
1035 2475 1145 2538 haud
1136 2491 1245 2560 inepte

36 2662 41 2671 Ι
99 2610 103 2623 =
128 2573 308 2653 elaborare,
330 2598 396 2642 non
415 2583 519 2644 minus
534 2603 630 2675 quam
645 2582 742 2644 vel
717 2602 786 2643 stne
799 2580 997 2676 symmetriae
1014 2560 1138 2665 legibus
1157 2595 1248 2648 recto

128 2682 252 2745 adiutus
269 2705 363 2747 sensu
376 2684 545 2770 imaginem
563 2670 725 2783 delineare
737 2688 840 2767 valet3
864 2700 895 2749 at
913 2685 1018 2771 quiin
1033 2699 1101 2747 arte
1119 2666 1246 2771 longius

109 2786 292 2871 profectus
316 2804 380 2865 est,
404 2772 667 2881 innumerabilia
669 2811 750 2876 quac
776 2791 889 2885 vulgus
903 2790 1015 2853 harum
1035 2811 1143 2852 aerum
1167 2789 1248 2851 rude

127 2892 277 2970 miratur,
300 2872 501 2976 vituperabit
547 2895 600 2957 Sic
619 2895 738 2978 optimo
757 2895 828 2959 iure
846 2917 885 2957 ex
909 2915 1069 2979 quoquae
1090 2893 1247 2957 atlantem

92 3014 100 3025 ·
126 2997 288 3080 pertinent
304 3012 474 3083 praecepta
486 2999 703 3083 eloquentiae,
733 3000 877 3085 neglecta
900 3013 932 3062 et
954 3013 989 3061 ut
1003 3016 1106 3083 nugae
1120 2998 1259 3083 ineptae

128 3100 242 3185 grandi
260 3103 434 3184 supercilio
450 3084 695 3186 despiciuritur,
709 3127 768 3167 nos
786 3103 827 3168 ad
838 3116 928 3167 recte
951 3104 1128 3165 orationem
1142 3105 1247 3167 consi-

127 3204 299 3269 derandam
319 3221 465 3271 veterum
483 3206 668 3270 criticorum
689 3210 771 3273 mori
788 3211 926 3293 impares
942 3229 1013 3269 esse
1033 3207 1169 3283 dixeris,
1193 3210 1248 3294 qui

128 3310 154 3371 si
167 3310 328 3372 interdum
345 3325 505 3374 oratorem
524 3315 698 3379 solemnem
715 3316 820 3399 legem
831 3312 1000 3398 reliquisse
1013 3309 1068 3375 'aut
1083 3313 1249 3375 aberrasse

66 3414 69 3418 ’
128 3414 265 3490 tradunt,
287 3426 409 3478 tantum
426 3416 516 3479 abest
526 3433 561 3480 ut
576 3418 627 3481 his
641 3420 884 3492 consentiamus,
906 3430 941 3479 ut
955 3418 1009 3503 qui
1024 3417 1102 3505 nihil
1118 3418 1249 3482 omnino

31 3538 33 3553 ·
129 3517 169 3579 de
189 3520 317 3581 illorum
333 3519 501 3606 'principiis
519 3536 698 3601 teneamus,
720 3518 924 3597 mali‘sensus
945 3541 1129 3584 accusemus
1145 3540 1179 3586 et
1198 3546 1248 3586 re-

129 3624 212 3707 gulis
229 3623 384 3700 inanibus,
402 3628 479 3691 artie
493 3629 690 3711 provinciam
704 3629 1014 3714 sepsissevocemus.
1041 3618 1133 3690 Plato
1152 3650 1247 3713 quem

128 3749 222 3791 nemo
237 3743 398 3792 oratorum
410 3731 499 3816 leges
516 3734 647 3796 nimium
659 3731 803 3796 laudasse
816 3731 963 3830 fateatur,
985 3752 1050 3793 non
1062 3735 1248 3807 contemnit,

129 3833 227 3903 immo
250 3834 276 3897 si
292 3849 367 3917 apto
383 3834 550 3900 inhaerent
563 3839 650 3914 loco,
672 3839 761 3901 utilia
775 3856 847 3921 esse
864 3838 1026 3922 agnoscit3
1049 3836 1170 3899 athaes
1183 3839 1249 3901 sola

129 3960 194 3999 non
211 3935 360 4001 sufficere
377 3961 437 4003 nec
451 3962 577 4005 omnem
590 3942 640 4004 his
653 3944 810 4007 contineri
822 3956 922 4005 artem
935 3942 1116 4025 praeceptis
1129 3956 1249 4004 monet.

130 4042 269 4141 Quod
244 4066 272 4105 ιι
293 4056 328 4105 ut
340 4045 542 4131 eloquentiae
557 4062 727 4170 praecepta
739 4048 854 4111 melius
867 4067 961 4137 quam
972 4067 1055 4110 nunc
1072 4038 1144 4108 lieri
1157 4047 1249 4122 solet,

130 4142 346 4241 attendantur,
386 4172 425 4213 ex
458 4152 562 4215 animo
591 4150 706 4243 cupio,
739 4148 773 4214 id
799 4152 842 4214 de
869 4168 984 4237 graeca
1012 4165 1157 4218 veterum
1183 4167 1252 4215 arte

131 4236 1249 4357 &mmmmmwfflwwmmfflmqmww

751 4391 821 4439 ,ιι-ἰζ
851 4412 855 4425 ,
877 4406 906 4439 ,3
927 4410 949 4441 -ι
964 4392 973 4415 ι·
996 4408 1000 4415 -
