2610 4634
408 244 712 311 ‘⁴29-

42 388 1167 502 uterumnose,trasmaensam‚anaeasorymp.nxxvln‚·a

43 517 96 579 vel
109 520 328 599 4,-ponamus,
352 514 448 578 dubio
467 532 626 583 exemtum
639 519 793 592 videatur.

106 644 109 651 ·
132 619 292 702 Princeps
310 633 378 681 erat
398 621 502 683 Corax
519 624 574 706 qui
589 638 689 685 artem
706 621 898 684 rhetoricam
916 619 1049 707 (τέχνην
1065 619 1165 708 ῥητο-

43 719 158 815 ρικήν)
172 724 322 807 scriptam
337 726 468 811 reliquit
485 739 570 788 tanta
590 722 776 800 fortunam
793 745 862 786 rem
882 746 976 807 quam
989 723 1165 785 defenden-

44 827 118 890 dam
138 829 340 912 suscepisset,
356 850 464 892 veram
479 845 531 892 aut
550 831 749 913 probabilem
762 845 850 892 certe
866 827 1027 890 'redderet
1039 848 1165 890 omnes-

45 953 118 1017 que,
127 932 191 1018 qni
205 934 308 995 secuti
320 934 391 1008 sint,
417 933 459 996 ad
466 934 670 996 Aristotelem
685 956 785 1018 usque
802 957 841 996 ex
855 934 923 995 eius
937 946 1056 995 starent
1068 934 1166 995 resti-
1212 924 1214 929 ’

44 1037 131 1120 giis,-
148 1051 184 1098 et
198 1034 259 1100 bic.
278 1037 406 1121 quidem
431 1038 472 1099 de
498 1039 635 1121 Sophist.
647 1039 791 1099 El.ench
820 1058 887 1121 cap
909 1042 953 1104 34
978 1037 1031 1122 qni
1061 1038 1165 1120 prima
1196 1106 1199 1111 ,

45 1140 247 1204 invenissent
263 1141 421 1224 principia
433 1165 498 1204 non
513 1145 646 1206 multum
658 1142 855 1226 praestitisse
873 1140 960 1215 dicit,
977 1168 1010 1211 οι
1003 1144 1093 1227 μὲν
1106 1141 1168 1221 τάς

42 1239 152 1328 ἆρχάς
166 1238 324 1330 septime
330 1238 544 1327 '’novestctg
529 1252 587 1316 ani
602 1243 723 1335 μικρόν
743 1275 777 1315 τι
796 1240 1003 1335 προήγαγον,
1026 1259 1058 1307 at
1079 1244 1165 1306 1110111

42 1366 103 1410 nec
125 1360 255 1410 ceteros
272 1350 378 1441 magni
399 1348 570 1435 quidquam
585 1350 744 1413 addidisse
761 1350 913 1411 momenti
932 1349 1034 1410 refert
1053 1363 1085 1411 et
1104 1349 1176 1413 sibi.

39 1452 131 1514 solus
141 1464 250 1513 artem
258 1451 451 1517 rhetoricam
466 1453 613 1516 docuisse
623 1455 767 1535 videtu13
790 1455 862 1516 illos
877 1454 961 1515 enim
979 1472 1060 1538 quae
1074 1468 1165 1519 extra

39 1574 110 1618 rem·
120 1546 231 1651 'sissent
244 1556 339 1618 modo
356 1570 519 1633 tractasse,
542 1580 611 1619 rem
627 1559 727 1641 ipsam
740 1580 853 1639 parum
869 1558 1023 1642 tetigisse.
1069 1555 1179 1676 Qd‘

43 1644 177 1723 nimium
193 1682 211 1722 a
228 1660 461 1743 philosophias
482 1648 555 1723 foro
575 1663 685 1723 alienis
709 1663 894 1746 castigatum
913 1683 1017 1747 neque
1037 1661 1164 1723 inscitia
1218 1670 1220 1675 ⁴

39 1786 146 1852 neque
163 1764 369 1848 malignitate,
393 1765 450 1827 sed
471 1766 590 1828 iudicio
614 1781 646 1829 et
665 1767 830 1828 intellectu
849 1766 968 1827 factum
989 1782 1054 1847 est3
1078 1766 1164 1828 totus
1187 1820 1190 1826 t

41 1870 128 1932 enirn
151 1869 289 1931 oratoris
309 1869 400 1930 labor
418 1869 494 1931 illuc
513 1872 646 1932 tendere
663 1870 768 1944 debet,
791 1884 826 1932 ut
844 1891 938 1954 quern
965 1870 1027 1931 sibi
1046 1891 1165 1954 propo·
1235 1938 1238 1942 ,

39 1974 142 2036 suerit
158 1970 265 2048 linem,
281 1987 481 2058 assequatur,
504 1976 539 2035 id
552 1990 608 2073 ¹est
626 1990 662 2037 ut
676 1974 798 2037 iudices
815 1976 868 2040 vel
888 1976 1058 2050 auditores,
1082 1973 1165 2059 apud

38 2099 118 2162 quos
138 2077 239 2142 verba
261 2077 348 2151 iacit,
371 2078 404 2138 in
427 2098 513 2140 snam
536 2079 664 2141 trahere
694 2081 881 2142 sententiam
898 2080 1010 2164 'iisque
1034 2100 1164 2164 persua-

39 2181 120 2245 dere
133 2181 301 2273 annitatur,
324 2203 423 2267 qnare
437 2202 509 2244 cum
523 2185 625 2246 omnis
638 2185 739 2247 oratio
752 2182 808 2246 fiat
827 2172 870 2245 ad
887 2184 1032 2245 homines
1046 2185 1102 2269 qui
1123 2183 1165 2244 de

40 2308 77 2348 re
92 2285 303 2371 disceptanda
322 2285 474 2348 indicium
500 2288 643 2352 ferentes
664 2288 852 2350 industriam
863 2289 998 2349 dicentis
1017 2303 1070 2350 aut
1089 2308 1165 2372 pro-

37 2391 161 2454 babunt
175 2405 228 2454 aut
244 2391 508 2465 condemnabunt,
531 2391 703 2469 non'modo
715 2392 794 2455 haec
807 2395 999 2478 argumentis
1012 2391 1166 2456 firmanda

32 2494 93 2556 ‘sed
105 2495 141 2556 in
161 2490 225 2555 illis
239 2495 324 2577 apud
341 2518 419 2580 quos
438 2497 512 2580 agit,
526 2512 560 2559 ut
579 2497 641 2581 ipsi
657 2512 705 2560 est
725 2499 813 2572 utile,
835 2495 1003 2582 fingendis,
1023 2498 1166 2583 judicum

38 2599 171 2661 auribus
192 2599 427 2662 accommodata
439 2601 617 2684 proferenti
635 2608 782 2687 magnum
804 2604 866 2664 erit
889 2603 1026 2664 studium
1043 2623 1165 2687 ponen-

39 2702 138 2765 dum·
172 2703 269 2765 Cuius
296 2705 345 2766 rei
366 2706 539 2768 necessitas
552 2705 719 2781 Aristoteli
734 2690 835 2791 'etiam
858 2720 1027 2791 perspecta
1035 2702 1071 2786 ⁴⁵)
1098 2707 1164 2769 elo-

37 2808 187 2894 quentiae
200 2806 395 2872 linventores
416 2822 451 2872 ut
475 2811 759 2873 conformationem
785 2824 819 2872 et
845 2824 990 2872 ornatum
1011 2811 1165 2873 orationis

36 2935 100 2974 non
127 2911 234 2975 minus
258 2935 352 2997 quam
374 2929 631 2998 argumentorum
652 2914 717 2978 vim
741 2914 959 2990 observarent,
981 2914 1163 2976 hominum-

35 3039 97 3102 que
112 3002 327 3102 mores‘quod
344 3020 477 3081 multum
495 3017 701 3092 conducebat,
726 3042 786 3105 qua
809 2996 916 3081 essent
938 3019 1061 3082 ratione
1081 3002 1164 3082 trac-

37 3122 135 3197 tandi,
160 3120 362 3184 attenderent
378 3137 411 3184 et
430 3124 519 3206 leges
538 3136 632 3206 atque
652 3139 833 3206 praecepta,
858 3124 926 3185 sine
942 3123 1056 3209 quibus
1079 3139 1163 3197 stare

41 3249 107 3289 non
122 3240 283 3310 poterant,
299 3226 457 3289 subtiliter
468 3227 645 3310 excogitata
660 3227 845 3311 conderent,
858 3230 968 3293 movit.
1015 3228 1164 3292 Socrates

37 3330 170 3419 quidem
193 3330 277 3415 apnd
296 3333 463 3393 Platonem
486 3351 559 3399 cum
578 3330 725 3393 Phaedro
744 3332 784 3394 de
800 3335 921 3397 Corace
936 3350 968 3401 et
986 3334 1074 3396 Tisia
1098 3331 1163 3395 dis-

36 3451 164 3521 putans,
188 3428 332 3521 ipsorum
345 3451 380 3498 ut
388 3435 515 3501 videtur
526 3436 634 3500 verbis
649 3457 729 3523 quae
743 3437 880 3502 docendi
890 3438 1019 3501 medum
1032 3439 1163 3524 egregie

31 3542 202 3625 explicant,
225 3540 305 3603 haec
330 3541 513 3623 pronuntiat
534 3561 606 3625 pag.
631 3547 674 3610 92
693 3541 779 3603 Buta
804 3549 897 3616 Φασὶ
914 3547 1035 3628 Ιτοίνυν
1057 3538 1163 3613 οὐδὲν

30 3639 124 3716 οὕτω
141 3643 254 3714 ταῦτα
271 3649 343 3715 δεῖν
356 3641 542 3731 σεμνύνειν,
567 3637 643 3715 ov'd'
661 3640 802 3732 civoiyetr
820 3644 893 3718 ἄνω
911 3646 1044 3735 μακράν
1064 3670 1161 3733 περι-

30 3750 275 3834 βαλλομένους·
291 3744 491 3819 παντάπασι
511 3741 612 3837 yoipb'
631 3753 688 3818 uoti
700 3744 772 3818 κατ’
787 3745 894 3841 ἄρχ’ἂς
908 3753 1046 3836 εἴπομεν
1061 3747 1165 3820 τοῦδε
1221 3744 1233 3759 ⁸

45 3924 96 3997 ⁴⁵)'
110 3929 233 3985 Rhetor-
246 3928 283 3993 11,
299 3936 325 3985 l·
339 3942 404 4003 pag.
418 3935 449 3986 81
468 3929 530 3984 ἐπεὶ
549 3929 577 3983 δ’
599 3929 677 3986 ἕνεκα
692 3921 810 4004 septasole
830 3931 908 3986 ἐστιν
925 3930 942 3998 ἢ
960 3929 1097 4003 ῥητορική·
1116 3932 1165 3986 καὶ

98 4013 405 4090 ydp-rciccvpssovloie
431 4024 559 4090 κρίνουσι
580 4025 626 4075 καὶ
648 4018 665 4086 ἤ
685 4020 749 4086 δίκη
772 4025 864 4092 κρίσις
885 4020 969 4075 ἐστίν·
997 4017 1100 4092 ἀνάγκη
1123 4017 1163 4094 μὴ

100 4103 191 4176 μόνον
211 4102 283 4178 πρὸς
310 4103 359 4161 τὰν
378 4105 463 4179 λόγον
483 4105 554 4181 incia
571 4104 653 4169 ὅπως
671 4105 864 4168 ἄποδεικτικός
891 4108 969 4162 ἔσται
990 4114 1037 4162 καὶ
1056 4107 1164 4172 πιστός,

108 4191 178 4246 oillei
208 4198 255 4245 aui
283 4191 369 4250 edida
397 4194 480 4251 ποτόν
501 4212 563 4252 τινα
584 4201 632 4250 καὶ
652 4193 701 4254 τᾶν
723 4193 1058 4270 κριτῆνάατασκευάζειν.
1083 4195 1161 4252 cons.

98 4280 200 4360 Quint.
216 4281 271 4348 111,
289 4289 315 4338 2.
331 4299 398 4356 peg-
415 4291 477 4340 220.
