2610 4634
516 278 560 294 ·-
604 206 668 312 aa*
690 240 733 295 -·

54 419 161 482 animo
189 438 322 501 prorsus
351 432 535 491 evanescat,
564 431 601 480 ut
632 419 659 478 si
680 406 761 481 hanc
789 410 825 481 et
846 410 949 483 undc'
969 414 1029 505 'sit‘
1048 406 1181 510 ‚egressa

53 524 227 609 anquirere
253 523 405 596 velimus,
444 543 605 606 quaeque,
638 512 717 587 sohu
750 522 1056 605 simillima,'sen'su'
1074 522 1205 594 dici:

54 618 180 692 sissima
207 643 370 712 captemus
398 640 431 689 ct
458 625 816 715 seriolconiungamns,
845 630 906 692 ne'c
929 612 1080 715 opinione'
1102 626 1181 701 'victi
1270 668 1279 681 =

57 754 172 799 verum
195 732 277 819 quid
301 733 342 794 sit
359 731 599 816 perspiciamus.
645 732 742 825 Cuius
763 734 813 803 roi
833 738 977 821 exempla
995 736 1061 800 ¹no'n
1084 740 1181 803 modo

54 839 176 927 Graeci
189 852 223 902 ct
232 837 339 900 Latini
354 836 443 920 larga
458 820 616 920 praebent
629 832 735 910 marin,
748 838 783 917 Ρ)
794 860 853 929 nos
869 840 933 923 ipsi
953 842 980 903 si
997 825 1181 931 nostrornm
1196 898 1212 913 .,

54 942 232 1010 verborum
249 941 390 1026 origines
411 938 606 1002 ostendimus
624 940 686 1002 hoc
704 928 840 1005 maxime
856 943 1036 1011 laboramus
1057 924 1180 1012 errore.

55 1055 124 1114 Nec
145 1051 286 1128 mirum3·
303 1059 338 1109 ut
362 1044 448 1105 enim
469 1044 524 1130 qui
546 1044 696 1129 regiones
717 1045 902 1134 depingunt,
925 1049 1061 1139 humiles
1084 1073 1181 1139 quaq.

55 1167 132 1218 runt
157 1150 253 1235 sedes
278 1149 319 1212 ad
340 1148 495 1211 montium
521 1150 721 1235 altorumque
743 1152 888 1215 locorum
908 1170 1051 1218 naturam
1076 1159 1181 1220 consi-

55 1252 240 1331 derandam,
264 1269 297 1317 et
314 1268 350 1317 ut
371 1253 502 1316 humilia
523 1268 612 1317 recte
630 1236 837 1320 considerent
853 1258 977 1322 montes
996 1261 1180 1340 ascendunt,

55 1364 108 1428 vel
146 1375 184 1424 nt
216 1359 397 1445 principum
438 1372 582 1420 naturam
614 1361 741 1435 melius¹
763 1344 938 1426 inferiores
974 1360 1181 1483 cognoscunt,

55 1466 166 1554 populi
189 1462 362 1549 principes,
373 1456 433 1526 ”sic
454 1463 488 1524 in
506 1462 633 1547 linguae
659 1464 821 1528 cuiusdam
836 1458 1025 1555 etymologia
1043 1487 1076 1534 et
1090 1492 1182 1535 accu-

56 1573 156 1637 ratius
171 1584 204 1632 ct
220 1569 349 1642 rectius,
371 1567 427 1653 qui
446 1566 505 1629 alia
518 1582 650 1630 utuntur
662 1560 724 1632 hoc
739 1585 789 1633 est
808 1556 863 1657 qui
876 1573 962 1634 illam
980 1596 1010 1636 v.
1028 1595 1055 1636 c.
1069 1591 1105 1640 nt
1123 1599 1183 1640 nos

58 1695 207 1763 graecam
227 1673 352 1735 assidua
368 1671 515 1734 doctrina
536 1692 577 1733 ex
594 1672 708 1757 primis
725 1674 854 1737 haurire
882 1692 1039 1761 coguntur
1063 1681 1183 1764 princi.

56 1783 117 1866 piis
147 1793 181 1842 et
207 1768 262 1841 sua
291 1778 398 1862 lingua
424 1775 522 1839 adiuti
545 1798 626 1863 qnae
654 1777 716 1839 sint
737 1779 904 1865 utriusque
927 1782 1040 1845 similia
1060 1805 1183 1873 quaeve
1219 1818 1223 1829 ·

57 1887 203 1958 diversa,
228 1881 399 1955 docentur,
423 1902 517 1964 quam
543 1881 653 1966 quiin
681 1882 845 1945 cunabulis
864 1883 958 1948 inscii
980 1907 1040 1947 usu
1060 1887 1185 1951 adsueti

56 2000 244 2068 versantnr3
263 2004 324 2048 nec
341 2007 531 2071 quemquam
549 1986 628 2049 mihi
646 1987 879 2083 hlerandrinos
894 1991 1094 2054 obiecturum
1103 1980 1183 2077 puto

56 2098 123 2183 qui'
141 2116 208 2183 uon
220 2093 430 2189 minus'qnam
448 2112 506 2183 nos
521 2111 574 2152 res
593 2106 626 2153 et
644 2092 745 2156 verba
759 2092 878 2156 dudum
893 2110 1003 2179 crepta
1022 2110 1056 2158 et
1078 2096 1183 2160 denuo

54 2202 87 2264 in
100 2200 202 2266 vitam
213 2194 394 2260 revocanda
415 2190 600 2258 tractabant.

96 2276 118 2341 Ι
144 2303 249 2373 Valde
263 2301 369 2365 autem
383 2300 572 2375 notandum,
595 2300 685 2362 illum
702 2300 883 2385 explicandi
900 2323 1023 2366 morem
1043 2307 1184 2368 omnium

57 2411 195 2475 maxime
219 2405 438 2490 Thucydidem
459 2405 638 2477 adamasse,
660 2419 696 2467 ut
719 2406 824 2489 ipsum
844 2408 986 2470 Platonis
1009 2409 1184 2472 Prodicum
1213 2432 1216 2437 ⁴

58 2514 222 2580 interdum
240 2513 412 2575 facientem
430 2509 529 2573 verba
549 2509 659 2573 audire
682 2493 950 2596 censeas3·idque
974 2534 1040 2575 non
1060 2536 1125 2576 uno
1148 2515 1184 2577 in
1261 2522 1264 2529 '

58 2624 141 2696 loco,
166 2618 252 2706 quod
271 2638 347 2679 casu
367 2613 440 2678 ficti
456 2614 578 2697 potuit,
602 2615 660 2677 sed
678 2616 786 2679 multis
807 2629 843 2678 ut
864 2615 905 2678 de
927 2615 1083 2679 industria
1102 2618 1182 2681 haec

59 2740 225 2791 auctorem
239 2721 367 2784 dedisse
388 2733 504 2803 pateat,
529 2740 590 2804 qua
611 2720 652 2781 de
671 2740 708 2780 re
723 2719 806 2804 apud
829 2721 1027 2783 nocentiores
1045 2724 1101 2807 qui
1118 2737 1183 2784 tam

58 2831 158 2895 multa
180 2827 221 2889 de
241 2825 427 2909 Thucydide
447 2826 579 2910 eiusque
600 2823 762 2887 scribendi
787 2825 910 2887 ratione
931 2808 1121 2901 declamant,
1140 2847 1182 2888 no

59 2933 124 3025 γρῦ
146 2930 277 3018 quidem
299 2943 349 2992 est
369 2928 534 3031 inpenire3
556 2928 636 2993 mihi
654 2928 784 3014 primus'
791 2929 980 2994 observasse
1000 2931 1088 2994 visus
1102 2953 1181 3007 sum,

60 3035 268 3121 sedentiquis
284 3056 364 3120 quos
375 3053 477 3118 pauca
487 3034 654 3110 latuerant,
670 3034 754 3095 bene
767 3032 830 3095 iam
843 3048 912 3097 erat
921 3049 1042 3110 notum,
1060 3037 1183 3099 etiamsi

61 3166 126 3208 non
139 3164 180 3206 eo
193 3141 416 3227 quo‘volumus
434 3138 530 3201 modo
545 3139 704 3222 prolatum
713 3160 722 3218 3
746 3137 876 3222 egregia
892 3139 976 3201 enim
994 3136 1183 3227 plerumque

61 3244 186 3314 ratione
209 3267 322 3331 parum
343 3258 452 3307 exacta
473 3257 507 3306 et
532 3243 607 3304 satis
627 3241 701 3304 rudi
726 3241 870 3319 tradunt,
892 3258 928 3306 ut
951 3244 1081 3329 plurimi
1105 3244 1183 3307 dicti

60 3355 248 3427 veritatem,
271 3350 333 3411 nisi
352 3369 422 3410 rem
434 3348 497 3431 ipsi
510 3360 763 3432 perscrutantur,
785 3369 859 3411 raro
879 3349 1076 3433 perspiciant
1092 3350 1182 3413 ideo-

60 3480 124 3548 que
138 3472 263 3520 temere
279 3455 463 3540 despiciant.
508 3442 622 3515 Exstat
634 3436 779 3514 scholion
791 3475 809 3513 a
821 3465 946 3516 vetusta
966 3476 1061 3517 manu
1082 3457 1183 3541 scrip-

60 3582 130 3630 tum
148 3561 234 3647 apud
252 3560 418 3622 Dulserum
439 3554 474 3617 in
491 3554 642 3620 adnotatt
663 3577 735 3640 pag·
755 3563 831 3624 648.
851 3556 901 3619 b.=
924 3558 1037 3628 ἰστέον
1056 3553 1111 3629 ὅτι
1124 3560 1183 3631 aas*

60 3654 1181 3754 τὸκόμψδᾶτῆςφράσεωςθουκιδίδηςΑἰσχύλονκαὶΠίν-

63 3779 199 3861 ὄαρον
221 3764 406 3860 ἐμιμήσατο
415 3760 467 3848 75),
489 3768 537 3845 εἰς
557 3766 594 3836 δὲ
613 3760 652 3835 τό
674 3759 817 3853 γόνιμον
840 3763 911 3835 τῶν
933 3765 1183 3856 ἐνθυμημάτων
1230 3756 1233 3769 ’

79 3954 124 4026 ⁷²)
141 3944 180 4011 Ut
197 3949 266 4024 ᾅδης
285 3948 322 4003 ab
342 3943 439 4012 detdic
466 3943 498 3997 in
519 3941 639 4016 Gorgia,
664 3944 779 3998 Platoni
799 3943 958 4019 repetitum
978 3945 1010 4009 in
1025 3947 1182 4005 Phaedone

134 4059 202 4117 pag.
218 4048 268 4107 533
288 4034 369 4099 πόλις
381 4052 398 4089 a
415 4029 501 4095 nolis
515 4029 552 4084 de
564 4030 678 4102 republ.
692 4047 758 4105 pag.
775 4039 820 4091 79.
1209 4051 1210 4055 ,

77 4134 124 4205 ⁷³)
141 4127 299 4198 Dionysius
308 4123 400 4179 Halic.
420 4120 457 4175 da
470 4118 630 4174 verborum
643 4135 773 4191 compos.
782 4136 846 4193 pag.
863 4129 925 4178 δυο.
938 4119 1005 4176 Sch.
1019 4121 1181 4181 ‹le-austera

135 4220 285 4289 incompte
300 4224 331 4269 et
348 4220 462 4266 vetusta
482 4206 612 4262 dictione
628 4207 741 4261 locutus
758 4207 830 4262 hacc
844 4206 942 4263 addit:
965 4207 1061 4279 ταύτης
1081 4213 1116 4266 δέ
1136 4219 1182 4282 τῆς

90 4292 103 4303 ’
132 4308 269 4382 dpporlne
284 4302 383 4357 mtto
394 4300 448 4372 pir
464 4296 718 4369 synatroesmos
736 4293 803 4351 κατά
817 4314 848 4352 ss
868 4300 982 4364 ποίησιν
994 4304 1042 4353 καὶ
1056 4303 1183 4372 ἱστορίαν
