2610 4634
563 176 571 185 ²
591 256 635 275 -
676 224 742 292 ἰιι
783 248 827 283 .-

101 408 111 427 ’“
123 364 315 494 paucissima
328 430 403 474 sane
419 410 473 477 rix
490 411 577 476 lectu
598 411 693 498 digna
707 413 899 477 exhibebant
904 385 926 496 ;4
939 411 996 477 sed
1009 392 1191 480 videndum
1207 435 1248 478 ne

123 517 218 579 nimis
232 534 348 600 parcus
368 515 467 582 fuerit
488 516 625 600 Apsines
643 533 676 580 et
699 518 769 581 aliis
785 532 822 581 ut
841 519 911 603 ipse
929 520 1023 602 plura
1039 532 1155 602 posset
1172 519 1248 582 dare

124 621 308 706 dempserit,
329 621 471 707 quamvis
484 635 630 686 veterum
644 621 745 685 libros
762 623 793 684 ei
812 617 853 685 ad
867 640 980 685 manus
1000 614 1101 686 fuisse
1117 624 1248 688 omnino

23 805 24 809 Ἰ
123 725 262 790 dubitari
286 727 396 811 possit.
440 726 477 787 Id
502 741 624 790 certum
645 724 702 790 fiet
722 728 749 788 si
770 748 850 814 quae
869 727 932 790 iam
955 724 1131 813 Dionysius
1158 729 1247 792 Hali·

63 840 69 859 ³
124 849 208 894 carn.
234 831 275 893 de
297 832 409 916 Lysiae
435 831 555 894 iudicio
580 844 655 894 tom.
682 832 1049 923 v11.pag.1194.0ras
1074 833 1185 896 Reisls.
1207 852 1248 894 ex

122 950 267 1003 veterum
286 933 413 1021 τεχνῶν
429 936 609 1021 praeceptis
629 912 745 1010 laudat,
765 936 956 1012 consueris,
982 951 1018 1000 ut
1038 937 1247 1001 Anaximenis

122 1055 155 1104 et
184 1041 366 1106 Aristotelis
400 1041 522 1104 mittam
554 1043 653 1126 leges
698 1022 985 1125 Disceptandum
974 1041 1081 1125 igitur
1102 1062 1186 1130 quae
1213 1057 1246 1104 et

121 1144 226 1231 'qualia
255 1147 318 1208 sint
337 1147 392 1208 illa
418 1146 457 1209 ah
481 1143 747 1230 antiquioribus
738 1165 801 1206 ram
822 1159 975 1231 occupata
1000 1156 1035 1208 et
1057 1166 1142 1232 quae
1164 1167 1247 1211 nova

120 1251 244 1334 primus
264 1248 391 1314 dederit
413 1250 561 1335 Apsines,
586 1271 639 1311 res
662 1249 843 1312 cautissime
862 1248 1063 1370 peragenda,
1095 1248 1248 1339 nequod

121 1355 272 1421 facillime
286 1353 358 1418 fieri
372 1371 490 1441 potest,
508 1355 542 1416 in
556 1352 648 1417 deria
666 1353 806 1416 aberres.
821 1354 856 1436 *)

208 1460 273 1524 Sed
292 1460 459 1525 redeamus
484 1459 524 1522 ad
542 1458 770 1542 Antiphontem
789 1479 884 1578 quem
904 1459 976 1522 iure
994 1459 1135 1544 primum
1149 1457 1248 1523 artifi-

122 1564 245 1628 ciosum
265 1585 449 1649 nuncupare
475 1584 653 1663 possumus,
675 1562 746 1648 (qui
765 1563 850 1626 enim
871 1563 1085 1648 praecedunt,
1105 1563 1247 1650 .·Thrasy

120 1669 260 1747 machus,
295 1669 518 1745 Theodorus,
515 1669 676 1754 aequales
703 1668 781 1743 eius,
814 1682 851 1731 ut
874 1668 986 1754 Attici
1007 1683 1156 1749 oratores
1194 1670 1248 1756 qui

121 1773 271 1838 dicuntur
300 1773 452 1858 deinceps
481 1772 561 1834 alius
588 1773 684 1836 alium
713 1774 882 1857 excipiant,
912 1797 930 1837 a
961 1773 1055 1838 nobis
1076 1775 1247 1860 praemissi

121 1880 221 1962 sunt)
241 1879 283 1941 de
304 1900 367 1966 quo
378 1877 561 1942 Ruhnkenii
582 1877 763 1942 dissertatio
782 1878 926 1964 quamvis
946 1879 1152 1964 negligenter
1171 1899 1247 1942 con-

121 1984 241 2067 scripta
262 1997 294 2045 et
312 1982 554 2045 multisobruta
572 1982 746 2059 erroribus,
771 1968 915 2049 breviter
936 1997 1065 2048 utrem
1086 1986 1248 2049 constrin-

121 2108 304 2173 gamus-nos
315 2101 432 2151 movet.
477 2088 579 2149 Recte
599 2102 749 2173 quantum
763 2089 961 2170 perscrutari
975 2088 1072 2165 ualui,
1091 2090 1147 2154 hic
1165 2091 1246 2154 alios

121 2207 250 2255 secutus
267 2214 339 2277 pag.
357 2197 432 2262 813.
448 2206 593 2255 nostrum
606 2191 838 2276 Antiphontem
854 2192 1019 2257 Archonte
1034 2193 1247 2284 Theopompo

120 2295 247 2383 Olymp.
270 2299 367 2360 XCII.
381 2304 413 2366 2.
435 2298 539 2383 capite
552 2299 681 2383 plexum
698 2296 799 2360 fuisse
817 2296 857 2360 ab
872 2318 975 2384 eoque
991 2297 1156 2365 diversum
1173 2320 1246 2362 esse

120 2416 263 2465 ceterum
287 2403 431 2488 ignotum
448 2402 538 2465 illum
559 2402 599 2466 de
622 2425 685 2488 quo
707 2402 855 2486 Xenoph.
875 2405 998 2478 Hister.
1021 2406 1189 2490 gisecii,
1218 2411 1246 2473 1.

118 2509 172 2574 40.
186 2520 220 2570 et
235 2521 271 2570 ut
281 2506 409 2575 ridetur
423 2508 534 2592 Lysias
548 2523 642 2596 atque
657 2507 882 2593 Theopompus
898 2504 982 2593 apud
996 2508 1127 2573 Pseudo
1143 2549 1156 2563 -
1170 2509 1248 2571 Plu-

53 2669 57 2676 .
117 2610 264 2674 tarchum
299 2612 354 2698 qui
387 2613 519 2698 triginta
555 2613 634 2678 viris
666 2612 794 2698 Olymp.
831 2612 943 2680 xctv.
970 2620 1001 2682 2.
1028 2613 1156 2692 occisus
1185 2626 1245 2677 est.

116 2713 327 2779 Ruhnkenius
354 2715 440 2803 qnod
465 2716 543 2781 dicit
576 2718 721 2803 excusari
750 2717 887 2780 fortasse
914 2710 1011 2803 posse
1049 2718 1077 2780 si
1099 2717 1245 2782 dicamus

118 2818 352 2885 Theramenem
369 2836 544 2907 propterea
560 2823 766 2907 Antiphontis
785 2822 917 2886 exitium
943 2822 1075 2908 triginta
1102 2816 1247 2906 tyrannis

117 2918 290 3007 imputasse
305 2925 507 3012 qnodplures
521 2928 555 2989 in
570 2949 680 2992 eorum
693 2942 801 2993 essent
811 2948 955 3004 numero,
971 2928 1026 3013 qui
1037 2939 1111 2990 ante
1126 2928 1246 2991 consti-

24 3035 28 3043 '
116 3041 220 3091 tntum
237 3031 509 3115 trigintariratum
528 3031 562 3093 in
580 3034 758 3117 perniciem
778 3033 1009 3117 Antiphontem
1031 3031 1245 3116 impulissent,

116 3132 172 3202 rix
191 3132 273 3195 ferri
292 3149 409 3219 potest.
453 3118 535 3199 Nam
557 3157 596 3199 ex
609 3139 722 3222 Lysiae
738 3139 882 3202 oratione
906 3138 940 3199 in
955 3137 1131 3223 Agoratum
1150 3135 1170 3218 d
1190 3143 1245 3207 74.

115 3244 189 3321 pag.
216 3243 290 3306 278.
314 3239 394 3301 Bkt.
421 3239 481 3303 hos
502 3262 612 3305 omnes
636 3263 676 3305 ex
698 3242 938 3330 quadringentis
960 3242 1024 3304 illis
1049 3261 1188 3329 quorum
1212 3243 1245 3304 in

115 3361 284 3405 numerum
302 3342 373 3436 ipse
399 3359 467 3409 erat
489 3347 616 3411 relatus·
638 3347 811 3432 Antiphon,
836 3349 958 3414 electos
983 3367 1054 3410 esse
1076 3346 1242 3419 docemur,

504 3442 522 3479 ‘
1111 3436 1115 3443 ⁷
1192 3456 1245 3519 De

121 3582 436 3610 m
554 3587 557 3593 .

124 3663 165 3734 *l
184 3668 345 3722 Fortasse
337 3686 396 3722 ram
414 3668 481 3724 huie
498 3669 586 3725 aetati
601 3669 747 3744 affigenda
761 3679 838 3734 sunt,
858 3686 933 3743 quae
953 3659 1058 3725 rhetor
1079 3668 1118 3725 ad
1129 3673 1243 3728 lieren

144 3782 148 3791 ·
188 3754 269 3808 nium
288 3766 319 3810 et
330 3755 517 3857 posteriores
537 3756 606 3812 inde
623 3759 795 3815 Latinorum
815 3756 952 3813 rhetores
966 3756 1003 3813 de
1029 3757 1153 3816 exordio
1172 3762 1243 3817 cori·

187 3842 271 3909 bunt,
291 3843 373 3898 cuius
391 3860 500 3918 genera
519 3860 581 3900 esse
603 3856 705 3901 mouet
722 3844 912 3927 principium,
934 3850 1095 3920 προοίμιον,
1121 3860 1153 3907 et
1173 3850 1243 3906 insi-

187 3930 370 3998 nuationem,
391 3933 498 4006 ἔφοδον
515 3931 579 4005 (qui
593 3950 653 4006 qno
672 3949 780 4006 gruem
800 3932 921 3989 nomine
942 3932 1094 3990 exordium
1112 3938 1244 4012 appella-

188 4019 267 4075 verit
286 4020 361 4074 scire
382 4019 501 4088 velim);
520 4037 597 4094 quae
619 4019 655 4075 de
675 4020 883 4076 insinuationis
908 4018 1053 4078 divisione
1066 4022 1110 4078 ihi
1128 4035 1241 4100 capt.

187 4109 334 4183 legantur,
356 4125 388 4164 se
404 4127 464 4164 ιιοιι
483 4107 634 4181 egressis,
655 4106 706 4162 sed
723 4106 760 4161 de
783 4125 836 4164 suo
856 4104 971 4164 dedisse
992 4110 1056 4184 ipse
1073 4123 1178 4172 auctor
1198 4126 1242 4172 est

188 4213 252 4270 cap·
274 4204 301 4256 9.
320 4194 446 4269 Ἐφόδου
466 4196 616 4252 rarissime
639 4195 751 4270 graecis
773 4196 886 4252 mentio
909 4196 1018 4255 iniecta
1039 4200 1130 4258 veluti
1160 4206 1242 4261 seho-

188 4284 290 4344 liastae
302 4284 504 4360 Hermogenis,
524 4284 607 4341 euius
620 4284 704 4351 locus
717 4282 875 4369 appendici
889 4283 1040 4345 adhaesa.
1098 4326 1115 4339 ..

696 4590 762 4606 Δ.
