2610 4634
556 182 713 301 73'191
749 203 793 244 :-
879 158 897 256 1

102 362 250 463 λιλογίσ,
272 363 436 447 elpnvat'a,
460 350 618 426 schemata
640 294 769 424 dicendi
793 376 826 425 et
856 364 933 452 περὶ
954 385 1016 430 του
1040 352 1157 431 dotata
1179 359 1235 430 λε’-

103 493 201 555 year
206 470 268 541 καί
283 458 413 557 λόγους
432 460 609 577 μηκύνειο,
638 465 706 548 (hie
728 466 822 529 facile
843 464 999 552 reliquias
1021 450 1242 575 sophistarum

106 564 256 647 rete'rtm'i
260 562 461 669 agnoscask'
480 558 595 657 qiiibns'
608 571 767 634 absolutis
781 572 880 634 altera
894 574 968 654 pars
990 568 1031 643 de
1050 549 1242 669 elocutione

71 670 239 761 incipit,
265 681 343 764 περ(
369 671 516 767 'sponsor
529 666 725 763 deoperitur,
748 681 823 764 περὶ
846 674 1039 766 intepretes,
1063 679 1140 763 nani
1168 699 1231 743 του
1270 724 1276 731 -

108 778 490 872 superequitent
513 774 733 858 deraditur,
743 777 1037 870 nnoacsioatomp
1014 772 1232 868 ε,ποιοτήτων
1274 862 1281 869 ἢ

108 885 260 972 Denique
276 885 428 949 orationis
451 878 596 979 sequitur
603 880 808 970 dispositio,
824 891 900 987 napa*
921 886 1130 981 προοιοίου,Ι
1156 882 1233 1010 napi

114 984 298 1082 διηγῆᾱέως
323 995 438 1076 etqua
464 988 590 1052 ritione'
597 986 691 1052 haec
712 992 752 1053 sit
777 978 965 1094 ordinanda,
988 992 1064 1076 napi
1085 971 1234 1074 βεβαιώ-

110 1120 196 1176 σεως
218 1118 311 1180 quam
331 1095 450 1178 excipit
467 1091 726 1184 προκατάληψις
748 1088 859 1158 eorum
881 1115 992 1180 quae
977 1092 1130 1170 adversus
1148 1091 1232 1155 dicta
1276 1096 1287 1115 ‘

100 1220 130 1280 ‚a
145 1213 179 1260 te
200 1198 343 1282 proferri
355 1200 479 1283 possint
498 1220 657 1284 occupans
672 1223 764 1285 quam
780 1221 851 1262 eum
873 1201 912 1260 sit
929 1198 1057 1272 diversa
1079 1199 1233 1281 cuiusque

110 1303 257 1386 explanat
287 1303 416 1386 speciei.
460 1304 585 1389 Agmen
613 1305 730 1378 claudit
754 1307 915 1392 ἐπίλογος,
939 1302 979 1365 ad
1008 1301 1105 1364 finem
1128 1296 1234 1364 tamen

112 1429 178 1469 non
193 1407 387 1491 perductus3
410 1408 631 1474 desiderantur
649 1411 734 1473 enim
753 1428 853 1494 pauca
871 1408 1034 1495 quaedam.

199 1621 244 1681 Hi
265 1634 337 1707 sunt
356 1619 418 1684 riri
445 1620 485 1684 de
513 1620 648 1708 qnorum
666 1620 699 1684 in
720 1635 787 1685 arte
810 1618 989 1691 excolenda,
1007 1619 1129 1681 meritis
1151 1618 1234 1682 fama

114 1721 155 1785 ad
178 1745 237 1786 nos
262 1726 419 1808 pervenit,
442 1728 497 1792 rix
523 1751 630 1790 rarum
654 1726 857 1812 spicilegium
880 1747 920 1787 ex
942 1725 1029 1809 larga
1051 1724 1104 1786 illa
1123 1736 1233 1807 segete

114 1829 279 1909 relictum3
301 1852 374 1892 nam
386 1852 543 1917 quemque
559 1833 630 1894 lere
644 1835 809 1917 egregium
825 1830 1033 1892 rhetorem
1006 1850 1073 1891 ems
1098 1829 1169 1892 aevi
1192 1826 1233 1888 de

113 1955 176 2018 quo
198 1955 258 1996 nos
279 1917 415 2019 agimus,
438 1957 502 1997 non
531 1938 690 2000 orationes
715 1938 810 2000 modo
833 1935 1016 2024 scripsisse,
1051 1933 1109 1995 sed
1136 1929 1233 2000 artili-
1296 1946 1300 1953 ’

113 2038 200 2102 ciose
220 2039 315 2101 etiam
335 2041 499 2102 scientiam
516 2057 685 2127 tractasse,
714 2041 755 2102 de
775 2062 875 2128 eaque
896 2040 1051 2102 libros
1016 2065 1133 2124 τεχνας
1156 2060 1236 2124 quas

110 2156 226 2223 vocant
250 2146 465 2229 composuisse
485 2147 673 2213 invenimus.
718 2147 772 2209 Sic
800 2145 932 2209 iuvenili
952 2143 1053 2206 aadhuc
1071 2143 1233 2216 rhetorice

112 2247 276 2332 principes
307 2250 362 2334 qui
387 2251 420 2312 in
445 2252 533 2337 vulgi
559 2251 791 2336 percurrebant
815 2272 871 2311 ora
899 2271 1048 2334 magnum
1079 2247 1235 2310 dederant

114 2351 456 2439 librorum'numernm,
479 2358 608 2418 minime
623 2373 728 2420 tamen
749 2376 829 2439 quae
850 2355 1003 2439 sequitur,
1027 2353 1137 2415 aetatis
1154 2351 1247 2420 mul-⁴

113 2456 281 2520 titudinem
298 2458 566 2543 aequiparantem.
608 2463 652 2523 Et
671 2475 776 2523 tamen
793 2459 873 2522 haec
889 2467 973 2520 aetas
995 2478 1036 2518 ne
1060 2478 1137 2522 vera
1156 2457 1235 2519 reti-

111 2581 239 2624 ceamus
259 2564 463 2649 sequentibus
488 2566 612 2628 facilius
636 2581 685 2628 est
710 2563 905 2648 explicanda.
950 2563 1079 2624 Etenim
1101 2576 1135 2624 ut
1154 2582 1185 2626 v
1208 2581 1235 2623 c.

110 2665 255 2729 medicus
272 2668 505 2753 philosophiam
528 2693 593 2734 non
614 2692 651 2733 ea
674 2693 736 2755 qua
759 2683 887 2754 oportet
907 2668 1079 2730 subtilitate
1094 2632 1263 2730 enodare

110 2772 197 2836 valet
218 2787 251 2835 et
270 2795 349 2857 quae
376 2796 431 2837 sua
449 2776 511 2840 iam
530 2798 580 2838 ars
607 2791 665 2848 est,
690 2795 817 2857 semper
836 2773 874 2835 ad
896 2790 1026 2836 naturae
1046 2774 1145 2856 leges,
1172 2768 1235 2830 hoc

83 2882 93 2911 ¹
111 2877 219 2941 estad
239 2877 494 2943 observationem
515 2895 547 2942 et
568 2882 744 2967 ἐμπειρίαν
767 2879 819 2942 vel
841 2879 958 2941 invitus
978 2876 1151 2939 retrahitur
1173 2891 1235 2933 nec

93 2983 155 3045 ¹ita
173 3003 245 3044 sese
263 2982 336 3044 inde
353 2984 468 3047 liberat
484 2999 518 3046 ut
535 2985 593 3046 hac
613 2984 746 3046 remissa
767 3003 820 3044 res
844 2983 930 3065 ipsas
955 2975 1070 3062 ἁπλῶς
1089 2976 1234 3041 conside-

111 3102 178 3163 ret,
202 3086 288 3173 quod
307 3081 455 3171 'tempora
481 3101 514 3148 et
536 3087 690 3151 historiae
709 3087 931 3170 philosophiae
955 3086 1073 3172 ubique
1100 3084 1233 3147 docent.
1254 3088 1257 3095 '

82 3194 153 3256 ita
167 3207 311 3256 oratores
330 3195 422 3255 etiam
436 3206 561 3256 veteres
574 3194 717 3278 quamvis
737 3208 837 3256 artem
858 3205 1030 3254 tractantes
1052 3191 1103 3254 via
1128 3204 1235 3252 tamen

110 3296 211 3385 magis
231 3313 382 3361 consueta
400 3313 432 3360 et
450 3300 523 3361 trita
541 3299 672 3380 grassati
690 3299 824 3360 solemni
844 3285 956 3359 orandi
974 3316 1064 3357 more
1083 3296 1125 3359 ita
1144 3306 1235 3355 erant

110 3401 229 3479 affecti,
251 3418 287 3466 ut
314 3406 346 3464 in
376 3403 435 3465 his
451 3402 543 3464 libris
569 3381 664 3464 etiam
687 3403 832 3484 exempla
858 3402 927 3463 usui
955 3416 1026 3484 apta
1048 3401 1234 3483 exciperent

80 3522 205 3592 atque
230 3530 303 3570 raro
330 3507 539 3570 rhetorices
530 3509 672 3570 antimam
695 3508 761 3572 rim
785 3505 1099 3590 comprehenderent
1117 3518 1151 3566 et
1180 3501 1243 3589 qui

112 3612 285 3677 subtilitate
303 3614 337 3674 in
357 3628 423 3675 arte
439 3627 564 3674 ceteros
583 3613 678 3695 longe
691 3611 877 3694 praecessit,
901 3610 1090 3671 Theodorus
1111 3611 1233 3690 Byzan·
1255 3690 1258 3694 Δ

112 3718 193 3792 tius,
217 3718 250 3779 in
277 3716 472 3780 orationibus
489 3730 556 3779 erat
572 3717 697 3777 ieiunus
719 3717 751 3776 dt
768 3716 898 3776 minime
920 3714 1072 3799 probatus
1089 3728 1124 3774 ut
1138 3713 1234 3774 raris-
1252 3717 1257 3729 ’

70 3874 72 3881 ,
110 3823 189 3885 sime
211 3839 380 3908 utrumque
405 3821 607 3884 coniunctum
627 3820 824 3904 reperiamus
849 3818 957 3881 cadem
976 3818 1113 3880 fortuna
1156 3817 1234 3880 Om-

79 3920 84 3933 ”
108 3949 167 3990 nes
187 3928 271 3989 enim
293 3928 409 3990 Graeci
432 3926 577 3997 rhetores
603 3926 703 4010 magis
727 3926 762 3985 in
782 3937 944 3986 oratorum
966 3945 1057 3985 usum
1081 3942 1161 4008 quae
1183 3918 1241 3984 his

109 4032 199 4097 utilia
226 4046 299 4097 sunt
326 4033 429 4097 omnia
454 4033 658 4116 explanantes
680 4029 894 4103 elaborabant,
917 4028 1062 4112 rei‘ipsi,
1086 4027 1234 4112 personis
1289 4095 1290 4099 Ἰ

109 4138 275 4229 neglectis,
298 4137 481 4223 philosophi
495 4136 671 4211 studebant,
695 4134 782 4220 quod
800 4149 867 4196 tum
883 4134 1017 4203 maxime
1036 4130 1108 4194 fieri
1120 4133 1233 4216 potuit,

109 4243 136 4308 ti
158 4232 340 4333 eloquentia
367 4243 430 4312 iam
467 4265 486 4310 e
517 4242 590 4308 foro
628 4240 773 4306 secessit.
787 4300 802 4321 „
817 4241 929 4329 ltaque
964 4236 1159 4323 obssessus
1179 4238 1252 4295 stes
