2610 4634
568 299 611 314 ..
656 244 719 325 1at

118 446 233 519 agatur
245 445 280 496 et
292 430 374 497 hanc
396 406 496 496 ¹solam
509 450 615 517 nequo
633 445 763 517 praeter
782 450 852 493 eam
874 429 960 492 aliud
985 450 1056 493 essc
1087 432 1243 501 attenten-

121 536 206 610 dum,
227 557 269 601 ue
281 536 463 625 praestigiis
478 534 593 623 aliquis
609 530 840 610 circumdetur,¹
864 535 934 597 iure
951 535 1109 609 dixerunt.
1154 537 1245 633 Quae
1262 600 1264 607 ,

117 664 154 727 ιιι
177 656 313 729 unaque
333 662 413 706 vero
435 655 503 705 arte
529 634 728 727 discrepant,
752 640 780 703 si
797 640 870 727 quis
892 640 996 703 omnin
1017 639 1136 705 afferre
1156 641 1244 716 velit.

117 746 236 835 longos
262 761 327 827 est;
357 747 413 833 qui
443 746 608 833 legerant,
638 745 699 831 ipsi
725 747 788 811 ism
808 741 969 808 viderunt
1012 746 1056 807 Et
1081 747 1244 811 Victorius

117 850 308 917 Anaximeni
333 871 409 914 esse
435 848 637 914 tribuendam
668 840 739 913 aliis
769 851 839 913 iuro
865 848 1091 913 accedentibus
1119 851 1242 933 primus

118 956 293 1043 perspexit.
339 954 435 1041 Apud
471 954 703 1056 Quintilianum
733 955 819 1018 enim
845 954 925 1019 hoec
956 955 1107 1043 leguntur
1134 958 1184 1022 lli.
1212 962 1256 1047 4,-

118 1082 140 1147 p
182 1068 311 1131 .227:·
668 1109 672 1115 ,
914 1136 917 1141 Ι

141 1083 182 1149 ⁸⁸
250 1158 584 1229 ANAXIMENES
611 1160 835 1226 iudicialem!
858 1162 1067 1227 eorscionnlem
1086 1161 1247 1249 'generales

248 1278 355 1352 partes
367 1267 549 1347 edecolnit,
569 1276 684 1352 septem
696 1276 800 1329 auten
816 1265 939 1354 operiet,
962 1265 1117 1346 donandi,
1141 1267 1249 1331 dedor-

250 1372 354 1450 tonds',
388 1370 559 1450 laudandi,
587 1368 798 1458 vituperandi,
832 1371 1016 1451 accusandi,
1048 1367 1246 1455 defendendi,

117 1471 121 1482 ¹
181 1546 184 1553 ¹
250 1470 449 1565 expedendi,
486 1473 570 1564 quod
600 1474 811 1562 ἐξεταστικὸν
845 1474 971 1556 ἅίσυηὶς
999 1498 1135 1563 quarum
1164 1476 1247 1541 duae

246 1578 371 1668 primae
395 1578 604 1659 deliberativi,
618 1578 713 1641 -duoc
737 1589 893 1662 sequmtes
915 1578 1163 1661 ἀεηιοηιτναῑὶυί,
1185 1590 1248 1645 tres

112 1662 123 1689 ¹
212 1694 219 1719 '
251 1683 379 1748 ultimo
391 1683 547 1748 iudicialis
559 1683 682 1769 generis
699 1695 771 1747 sunt
778 1695 893 1773 partes.

119 1800 184 1881 quo
204 1794 391 1877 argumento
417 1811 493 1852 usus
526 1789 690 1855 Victorius
714 1789 748 1851 in
772 1789 971 1872 praefatione
999 1789 1040 1854 ad
1062 1788 1246 1856 Aristotelis

119 1896 294 1960 Rhetorica
312 1892 377 1958 non
396 1891 492 1958 modo
506 1893 739 1967 Anaximenen,
753 1894 846 1956 huius
869 1893 970 1957 libelli
990 1908 1153 1959 auctorem
1175 1916 1247 1960 esse

121 2001 290 2066 verissime
303 1981 421 2074 monet,
445 1996 503 2061 sed
514 1998 605 2062 Fabii
620 1999 715 2062 etiam
729 1998 837 2063 verbis
856 1997 1006 2062 mendum
1020 2001 1127 2064 inesse
1142 2000 1243 2086 auspi·

119 2120 208 2171 catus
228 2118 285 2179 est,
309 2094 502 2193 tertiumque
524 2124 644 2189 genus,
667 2102 959 2177 demonstrativum,
980 2103 1157 2184 excidisse3
1180 2126 1245 2169 non

123 2230 203 2297 opus
221 2230 292 2272 esse
320 2206 453 2272 addatur
473 2208 551 2273 dicit
568 2208 703 2272 Buhlius
721 2206 818 2273 honio
840 2210 873 2271 iu
892 2210 1003 2295 paucis
1022 2211 1166 2295 ineptus,
1190 2211 1246 2297 qni

122 2341 142 2380 s
162 2314 349 2400 Spaldingio
374 2313 507 2376 meliora
530 2312 643 2376 doctus
671 2315 860 2379 sententiam
884 2337 970 2378 suam
988 2329 1101 2398 postea
1126 2329 1246 2379 retrac-

120 2421 201 2483 tavit
219 2418 260 2482 ad
278 2416 462 2482 Aristotelis
474 2417 608 2502 praefat.
624 2432 699 2482 tom.
712 2419 751 2483 V.
765 2440 837 2504 pag.
852 2420 905 2485 VL
950 2418 1153 2505 Spaldingius
1166 2441 1246 2484 vero

121 2524 224 2612 qualis
253 2523 389 2586 maximo
413 2522 618 2620 Quintiliano,
632 2523 790 2607 placuerit
812 2544 877 2587 vox
902 2537 935 2586 et
955 2544 1020 2609 quo
1044 2524 1079 2587 iu
1104 2524 1180 2591 loco.
1204 2525 1247 2588 sit

75 2662 80 2689 ι
120 2628 306 2715 reponenda
323 2630 464 2690 incertus
483 2625 524 2690 de
540 2624 769 2692 emendationis
783 2627 921 2696 Victorii
939 2628 1073 2693 veritate
1091 2628 1160 2714 ipss
1179 2650 1244 2694 non

122 2734 255 2797 dubitat
301 2732 366 2796 Sed
379 2745 415 2795 ut
433 2729 506 2795 fieri
523 2733 605 2803 solet
626 2733 660 2794 iu
680 2734 800 2797 nostris
819 2732 927 2808 rebus,
950 2754 1029 2819 quas
1053 2734 1245 2801 certissimas

119 2839 257 2903 dicimus
281 2838 466 2922 opiniones,
490 2837 535 2898 nil
559 2836 620 2899 nisi
652 2833 753 2922 δόξαι
778 2826 864 2913 'sunt
887 2839 983 2924 longe
1003 2839 1043 2902 ab
1065 2835 1247 2930 ἐπιστήμης

120 2944 333 3026 aucupatione
349 2941 510 3025 distantes.
555 2942 744 3039 Quintiliani
757 2942 842 3005 enim
864 2942 963 3007 verba
977 2965 1051 3008 sana
1063 2958 1138 3008 sunt
1153 2945 1247 3010 nihil.

119 3068 186 3137 'quo
207 3046 385 3111 addendum
415 3060 478 3121 est,
508 3046 643 3132 quodsi
670 3068 736 3110 non
762 3046 885 3134 singula
912 3047 966 3111 ills
988 3049 1157 3125 vocabula,
1188 3050 1246 3116 sed
1278 3106 1282 3111 .

121 3152 222 3217 totius
244 3152 309 3215 loci
328 3173 445 3215 nexum
466 3149 722 3237 perpendissent,
746 3152 865 3239 ubsque
882 3153 945 3219 ulle
964 3150 1152 3218 difficultate
1170 3178 1245 3243 per.

121 3256 318 3345 spexissentt
340 3256 402 3321 hoc
418 3254 496 3334 dicit
517 3270 645 3321 auctor:
675 3258 737 3322 tris
754 3257 934 3323 rhetorices
951 3278 1070 3344 genera
1088 3262 1246 3327 Aristote-

121 3364 171 3427 les
192 3361 335 3424 distinxit
360 3382 455 3447 quem
477 3382 580 3448 prope
603 3384 715 3426 omnes
740 3363 859 3442 secuti3
883 3363 936 3427 alii
958 3384 1038 3446 vero
1060 3366 1169 3449 plura,
1192 3368 1245 3431 slii

121 3468 262 3542 minora,
290 3467 502 3530 Anaximenes
532 3467 596 3530 duo
626 3481 765 3542 tautum,
802 3466 950 3530 iudiciale
985 3483 1020 3532 et
1047 3471 1243 3550 concionale,

121 3590 203 3657 quse
222 3570 256 3631 iu
275 3584 399 3654 septem
414 3566 530 3637 'ditidit
549 3572 684 3657 species,
707 3574 899 3659 Protagoras
919 3587 1064 3658 quatuor,
1087 3578 1244 3643 leocrates

84 3674 156 3736 -in
169 3674 255 3736 omni
273 3695 391 3760 genere
411 3676 517 3739 inesse
539 3674 665 3767 laudem
685 3696 722 3741 ac
745 3677 1009 3763 vituperationem
1034 3679 1245 3768 existimarit3

121 3778 191 3863 ipse
216 3800 295 3843 vero
316 3780 472 3865 plurimos
497 3780 648 3867 sequitur.
694 3779 771 3845 lude
792 3804 810 3844 a
831 3781 1029 3879 Quintiliano
1049 3786 1110 3849 tria
1130 3788 1246 3855 Anaxi.
1282 3788 1288 3799 “

121 3885 225 3947 menis
238 3907 357 3970 genera
371 3906 451 3972 quae
468 3886 579 3951 volunt
597 3885 709 3951 eadem
727 3901 821 3972 atque
841 3886 1023 3952 Aristotelis
1039 3889 1162 3957 laudari
1180 3921 1244 3963 non

121 4010 227 4075 posse,
251 3990 309 4053 sed
333 4012 452 4055 novum
479 3989 518 4053 ab
543 3990 637 4055 huius
658 3990 815 4056 divisione
841 3989 1003 4055 diversum
1028 3994 1241 4068 exhibendum

120 4113 194 4157 esse
219 4108 322 4179 patet,
344 4094 379 4157 id
402 4094 490 4182 quod
513 4110 615 4160 exstat
641 4096 675 4158 iu
696 4095 820 4160 romani
844 4096 984 4161 rhetoris
1005 4097 1107 4179 libris.
1150 4108 1240 4175 Haec

120 4198 256 4281 Fabius3
290 4221 371 4287 quse
399 4222 477 4265 vero
499 4212 690 4290 sequnntur:
723 4220 859 4291 quarum
890 4200 993 4264 dune.
1010 4247 1044 4263 ..
1066 4220 1199 4289 pur-tes,
1214 4231 1257 4274 ux

117 4302 264 4386 inprimis
282 4304 396 4373 doctos
413 4304 456 4375 sd
466 4306 696 4399 'supplendam
706 4308 867 4377 lucum
881 4306 1080 4377 noum&
1097 4319 1160 4366 m
1177 4307 1295 4364 &mu
