2610 4634
558 279 787 343 ...o-¹.»

83 438 92 509 ἰ
109 474 193 541 pere
223 451 354 522 iactata,
388 426 531 533 dispersa
559 462 592 511 et
612 446 778 531 dissipata,
805 446 892 510 nulla
920 462 989 509 arte
1015 448 1180 523 conclusa,
1209 450 1238 537 si

111 557 193 648 quid
205 569 296 618 recte
310 553 388 617 lacit
407 569 440 619 ct
456 551 591 638 pulchre
611 553 645 616 in
663 550 842 639 loquendo,
865 551 963 615 inscia
978 549 1098 633 efficit3
1117 553 1238 617 nullum

110 665 202 729 enim
217 661 361 746 sequitur
380 657 524 721 ordinem
544 658 775 743 praescriptum
788 670 821 718 et
841 655 928 742 quod
941 657 1086 740 proxime
1104 657 1138 721 in
1150 677 1238 720 men·

110 786 180 834 tem
202 766 306 839 venit,
332 761 367 824 id
388 763 475 826 omni
495 760 631 825 effundit
652 762 693 825 vi.
738 763 797 824 Est
817 775 921 824 autem
934 761 1071 824 hominis
1087 776 1123 824 ut
1140 748 1244 849 ‘quaess

110 894 177 963 que
198 884 288 934 recte
310 887 472 951 perpensa
491 887 613 954 suoque
630 867 734 952 posita
753 866 825 930 loco
843 865 1026 929 emittantur
1047 867 1161 952 visque
1186 869 1240 932 illa

110 980 177 1042 late
203 995 274 1037 sese
297 972 448 1056 evulgans
467 984 554 1034 arcte
581 985 776 1035 coerceatur.
830 973 875 1032 Ita
895 991 946 1032 ars
969 970 1138 1035 adhibetur
1147 982 1240 1058 ‘quae

111 1102 187 1145 rem
212 1078 398 1141 dissolutam
428 1074 648 1160 divulsamque
673 1076 872 1161 conglutinet
904 1088 936 1138 et
960 1077 1083 1138 ratione
1106 1076 1239 1165 quadam

111 1183 330 1267 constringat,
363 1181 409 1242 sic
432 1198 551 1265 genera
574 1177 614 1242 ad
641 1195 765 1243 certum
791 1200 957 1242 numerum
985 1182 1240 1267 paucitatemque

110 1301 318 1360 revocantur,
332 1285 480 1347 feruutur
497 1283 586 1368 leges
601 1297 634 1346 et
645 1300 816 1370 praecepta
830 1300 966 1371 quorum
982 1286 1122 1371 cognitio
1135 1306 1240 1373 neque

111 1391 273 1466 difficilis,
295 1404 327 1454 et
347 1409 422 1451 usus
449 1388 601 1475 frequens
614 1387 793 1452 faciliorem
806 1389 913 1452 reddit
928 1390 1042 1474 quibus
1066 1392 1171 1454 omnia
1193 1389 1239 1452 di-

112 1499 214 1586 gestis
245 1506 491 1579 componantur3
523 1493 598 1556 talia
623 1513 702 1556 vero
729 1508 900 1577 praecepta
932 1495 993 1556 nisi
1024 1495 1085 1571 iam
1117 1509 1242 1558 exstant

111 1600 259 1685 exempla
285 1597 370 1663 unde
402 1597 589 1661 deriventur
616 1596 670 1660 vix
700 1596 768 1659 dari
801 1612 944 1680 possunt.
1010 1599 1134 1698 Quibus
1161 1599 1240 1684 legi-

111 1706 175 1770 bus
193 1705 345 1791 paulatim
362 1702 500 1765 dilatatis
517 1703 570 1764 vel
592 1703 746 1765 correctis
768 1702 820 1765 rel
845 1703 945 1765 auctis
966 1705 1089 1778 evenit,
1113 1719 1148 1767 ut
1169 1723 1242 1767 cum

112 1811 257 1898 primum
275 1808 445 1895 singularia
461 1805 616 1894 quaedam
630 1820 815 1882 tractentur,
832 1830 883 1871 ars
901 1807 981 1870 haec
994 1808 1098 1871 mittat
1109 1823 1142 1871 et
1155 1829 1242 1873 com-

111 1913 223 1977 m'unia
237 1914 334 1999 longa
346 1933 455 1974 rerum
468 1910 652 1995 cognitione
666 1930 702 1973 ac
713 1910 821 1973 subtili
833 1913 1088 1996 perscrutatione
1096 1913 1241 1977 conside-

111 2033 167 2081 ret
185 2031 220 2080 et
232 2031 453 2102 persequatur.
499 2016 642 2079 Graecos
660 2034 739 2077 vero
760 2015 822 2079 iam
839 2018 944 2103 primo
957 2032 1101 2102 tempore
1118 2039 1188 2081 sese
1201 2004 1242 2082 ad

112 2143 153 2185 ea
168 2142 249 2207 quae
265 2119 305 2184 ad
318 2120 474 2183 theoriam
489 2133 522 2181 et
544 2117 809 2202 compositionem
824 2121 1026 2204 pertinerent
1047 2121 1242 2208 explananda

113 2224 294 2290 accinxisse
310 2226 511 2311 reperimus,
534 2236 569 2285 ut
583 2223 774 2305 Sophoclem
795 2227 828 2285 in
844 2225 1023 2311 tragoedia,
1044 2229 1242 2313 Polycletum

108 2331 148 2394 in
162 2343 231 2393 arte
247 2331 396 2394 statuaria
414 2343 448 2393 st
468 2329 502 2390 in
525 2326 687 2389 rhetorice
709 2327 777 2412 ipsa
802 2340 946 2393 oratores
968 2347 1139 2417 praecepta
1165 2333 1241 2394 reli-

112 2434 224 2521 quisse
245 2433 420 2513 docemur3
448 2455 528 2519 quos
554 2433 767 2519 singulas'res
788 2447 820 2494 ct
845 2448 992 2497 extentas
1016 2454 1088 2498 cum
1110 2457 1185 2499 cura
1211 2453 1244 2502 et

113 2539 284 2624 diligentia
299 2537 468 2605 tradidisse
485 2539 620 2601 relatum
640 2549 699 2609 est,
714 2537 892 2600 communia
906 2552 1010 2601 autem
1023 2540 1123 2603 illa·et
1134 2541 1242 2628 impri-

111 2644 175 2705 mis
192 2643 489 2728 argumentationes
508 2655 541 2704 et
563 2640 809 2725 approbationes
825 2663 864 2704 ex
885 2663 963 2706 vera
982 2659 1120 2729 sumptas
1133 2644 1243 2710 induc-

112 2747 218 2822 tione,
243 2762 315 2810 ante
334 2747 558 2819 Aristotelem,
581 2760 615 2809 ut
628 2746 697 2829 ipse
717 2745 811 2820 dicit,
834 2766 946 2821 nemo,
973 2746 1030 2811 vel
1039 2751 1133 2832 pauci
1155 2767 1243 2816 certe

115 2852 170 2914 via
184 2865 218 2915 et
231 2852 356 2915 ratione
371 2850 486 2916 sectari
502 2862 535 2911 et
549 2850 710 2934 explicare
728 2866 914 2934 coeperunt.

205 2953 270 3018 Sed
287 2955 473 3040 priusquam
495 2954 609 3016 artium
630 2955 803 3038 scriptores
821 2954 973 3040 deinceps
996 2978 1145 3022 enarrare
1165 2959 1243 3023 inci·
1289 2999 1292 3005 =

112 3040 254 3145 piamus,
278 3079 359 3145 quae
372 3058 508 3122 maxime
523 3058 616 3121 nobis
632 3050 694 3121 sirit
709 3059 855 3145 eligenda
872 3075 904 3123 et
918 3060 1062 3138 vitanda,
1084 3085 1127 3126 no
1143 3062 1245 3129 aliena

110 3152 270 3228 venemur
295 3177 328 3225 et
350 3164 531 3226 necessaria
559 3164 771 3249 negligamus,
798 3186 899 3247 pauca
927 3166 1080 3253 quaedam
1099 3191 1244 3253 praemo-

111 3268 221 3334 nenda
236 3282 317 3331 sunt.
362 3267 496 3331 Plurimi
511 3281 543 3330 et
561 3269 672 3351 optimi
696 3283 843 3333 auctores
860 3272 1036 3335 orationem
1055 3275 1088 3336 in
1104 3275 1244 3363 quinque

186 3540 250 3576 mos
275 3502 318 3575 est
337 3517 513 3583 Frontonis,
539 3531 571 3575 ut
593 3538 660 3593 pag.
684 3529 735 3578 tto
759 3521 813 3575 ubi
835 3522 965 3581 additum
984 3529 1109 3601 legitur:
1134 3530 1246 3602 graecis

192 3605 284 3662 verbis
295 3603 420 3674 sortasse
435 3604 559 3677 apertius
575 3600 750 3680 significabo.
780 3611 860 3687 cons.
875 3631 942 3687 pag.
959 3622 1003 3673 93.
1039 3618 1156 3689 Optime
1172 3638 1245 3675 vem

189 3695 352 3752 desiderari
373 3695 459 3767 plura
477 3697 627 3767 perspexit
644 3697 846 3762 tisinum-tus,
867 3702 979 3772 graccis
997 3704 1076 3758 enim
1094 3705 1245 3761 reddenda

193 3784 285 3839 verba
303 3781 478 3856 interrogat,
497 3780 643 3849 describit,
663 3783 778 3850 diuidit,
798 3787 878 3860 quod
894 3801 1010 3845 veteres
1036 3791 1152 3848 dicunt:
1179 3797 1248 3868 ἔρω-

188 3875 255 3945 sir,
281 3874 455 3934 διατυπούν,
480 3879 623 3946 μερίζειν,
644 3872 680 3927 de
700 3874 856 3947 postremis
875 3873 1003 3933 dubitari
1018 3891 1129 3952 potest:
1155 3899 1246 3954 perso·

187 3955 347 4035 nasfingit,
362 3959 516 4015 oraticnem
526 3978 607 4017 suam
617 3961 671 4016 atii
679 3962 844 4017 accomodat.
861 3967 942 4019 Fort.
958 3979 1114 4042 utrumque
1124 3971 1248 4029 latinum

192 4067 299 4125 graeco
321 4060 547 4125 προςωποποιιῐν
564 4050 805 4123 comprehendit,
827 4051 883 4107 nisi
896 4054 976 4108 allud
992 4055 1087 4112 simile
1099 4054 1247 4117 adiectum¹

190 4149 256 4194 erat
282 4157 312 4193 v.
336 4156 363 4194 c.
381 4137 547 4206 ἠθοποιεῖν,
573 4149 606 4193 ut
622 4138 777 4210 Dionysius
795 4139 832 4195 de
846 4141 930 4210 Lysia
945 4143 1076 4211 ἠθοποιεῖ
1092 4154 1139 4202 καὶ
1157 4164 1260 4222 παρα.-

148 4222 156 4231 ’
190 4226 320 4294 catolicae
341 4224 479 4299 πρόσωπα
501 4229 538 4299 τῷ
561 4225 635 4301 λόγῳ
654 4225 740 4283 πιστοὶ
764 4234 811 4283 ui
830 4227 934 4301 χρηστὰ
956 4237 1134 4308 προαιρέσεις
1153 4237 1248 4303 αὐτοῖς

193 4313 465 4380 denominaverit
481 4321 529 4372 sai
540 4315 618 4385 πάθη
632 4318 733 4390 μέτρια
749 4316 910 4390 nascerer.
